1787 3104
383 164 724 207 consuit
763 166 1059 206 uero-ns
1101 165 1283 208 vnn.
1520 150 1575 211 ix

82 262 227 334 quae
264 263 427 333 opus
461 236 582 306 hoc
618 237 916 332 scriptum
952 262 1079 306 esse
1116 238 1417 326 clamant,
1450 263 1575 333 quo

84 355 370 430 tempore
407 336 737 429 Pompeius
774 351 838 403 et
874 335 1083 405 Caesar
1114 336 1256 430 plus
1288 353 1575 432 poterant

81 462 282 530 quam
298 434 526 504 libera
509 460 576 504 ιιι
594 434 916 529 republica
932 435 1268 527 expediret.
1289 436 1382 504 Ea
1401 435 1575 506 Lam·

86 534 280 605 binus
314 535 451 605 loca
484 535 828 624 congessit,
863 548 937 603 ut
975 535 1138 602 nihil
1177 537 1435 603 attineat
1475 536 1576 603 illa

78 631 198 701 hie
218 658 538 728 reponere.
563 632 693 701 Nec
707 584 924 703 libr'is
904 632 1038 701 lstis
1062 634 1136 700 de
1158 634 1307 702 viris
1332 633 1576 702 illustri·
1589 689 1594 694 .

92 733 211 799 bus
245 732 449 801 solum
483 747 837 825 persecutus
868 747 963 799 est
988 730 1405 801 excellentes.
1388 757 1577 828 impe-

85 844 355 918 ratoreS,
378 830 486 899 sed
509 832 693 899 etiam
713 828 1341 900 commentationibus
1361 830 1576 899 claros.

88 928 291 1015 Quod
319 944 752 1017 argumentum
786 930 988 1018 signat
1021 932 1094 997 Β.
1131 929 1579 1018 Hieronymus»,

91 1027 458 1121 praefatione
482 1028 557 1096 de
578 1027 980 1121 scriptoribus
1002 1027 1448 1116 ecclesiasticis,
1469 1024 1578 1095 ubi

94 1124 401 1218 Nepotem
426 1128 591 1193 inter
616 1151 721 1194 eos
748 1127 933 1193 refert
946 1150 1265 1220 ,quorum
1295 1125 1579 1219 exemplo

92 1239 348 1292 acturus
379 1226 457 1292 sit
490 1224 617 1292 de
600 1226 676 1292 ris
706 1225 820 1320 qui
846 1176 1171 1294 scribendo
1203 1224 1578 1292 claruerunt.

62 1322 238 1412 *Egit
271 1337 479 1390 autem
509 1320 746 1416 Nepos,
779 1327 917 1390 tum
943 1322 1023 1390 de
1050 1323 1284 1392 Graecis
1317 1325 1581 1391 auctori-

84 1421 239 1506 bus,
259 1421 496 1489 tum-de
508 1421 767 1489 Latinis.
782 1420 878 1487 De‘
896 1422 1156 1507 Graecis,
1172 1421 1391 1511 colligo
1409 1420 1581 1510 inde,

86 1518 270 1613 quod
302 1524 372 1587 in
403 1520 626 1588 Dionis
654 1520 787 1590 vita
815 1518 982 1589 dicat
1014 1517 1243 1608 librum
1275 1543 1337 1586 se
1369 1519 1582 1590 fecisse

91 1620 177 1686 de
221 1618 580 1686 illustribus·
600 1616 907 1686 historicis
925 1669 945 1709 ,
985 1618 1053 1685 in
1092 1642 1219 1711 quo
1261 1618 1424 1698 inter
1461 1618 1580 1686 alia

90 1718 378 1792 tractam
394 1714 476 1784 de
500 1714 759 1783 Philisto.
778 1715 1094 1785 historico.
1115 1715 1209 1789 De
1232 1716 1469 1782 Latinis
1493 1739 1583 1782 ar-

93 1828 399 1907 gumento
445 1828 590 1881 sunt
635 1813 922 1906 plurima.
969 1814 1126 1882 Nam
1165 1813 1250 1881 de
1295 1812 1584 1880 Terentio

94 1915 329 2001 egisse,
355 1936 434 1979 ex
460 1912 761 1979 Suetonio
785 1913 1011 1980 scimus
1033 1914 1103 1978 in
1129 1911 1402 1978 Terentii
1425 1912 1584 1998 vita,

94 2012 355 2086 Donato
377 2016 701 2102 pei-perham
721 2006 973 2076 tribnt'ff.
999 2008 1101 2077 Ad
1122 2008 1256 2077 haec
1268 2058 1287 2093 ,
1314 2011 1583 2104 primum

84 2102 180 2176 He
210 2110 346 2178 vita
381 2106 698 2175 Ciceronis
729 2106 960 2175 librum
990 2106 1231 2174 Gellius
1262 2108 1443 2195 citat,
1477 2108 1584 2174 lib.

70 2223 73 2226 '
105 2208 217 2295 15,
260 2204 546 2298 cap..28.
590 2205 805 2297 quue
844 2230 920 2272 ex
956 2211 1143 2299 opere
1178 2205 1585 2294 &angmentum

96 2305 523 2395 Hieronymus
577 2302 815 2391 adfert,
869 2303 1131 2398 epistola
1179 2305 1259 2369 ad
1313 2303 1587 2370 Pamma-

97 2402 526 2470 chium.1mo
574 2402 906 2470 verisimile
952 2417 1041 2469 est
1087 2401 1234 2468 inde
1278 2425 1406 2469 esse
1454 2407 1585 2469 tum

99 2501 305 2569 vitam
322 2500 405 2567 Τ
435 2499 762 2595 Pomponii
784 2501 1007 2613 Attici,
1031 2519 1169 2594 quae
1197 2513 1423 2587 exstat,
1453 2506 1586 2565 tum

102 2600 305 2669 vitam
343 2595 636 2687 Catonis,
674 2622 862 2692 quam
899 2599 1030 2666 istis
1067 2596 1298 2665 claudit
1336 2596 1585 2667 verbis:

110 2698 368 2791 «Hujus
389 2696 466 2765 de
484 2697 617 2766 vita
638 2709 701 2764 et
726 2697 999 2766 moribus
1027 2697 1248 2792 plura
1233 2720 1297 2762 m
1330 2719 1402 2761 eo
1431 2694 1585 2761 libro
