1787 3104
214 99 327 159 128
591 116 929 157 connum
970 115 1258 156 nmo-ns
1732 134 1734 205 4

176 195 516 253 abundans
550 180 671 252 Hac
713 196 759 251 si
801 193 1292 271 proficisceretur,
1324 180 1734 268 inteiligebat

200 291 360 366 p1it1s
404 278 758 346 adversarios
805 290 1113 345 rescituros
1162 288 1232 344 de
1283 305 1387 344 suo
1427 286 1703 342 adventu

203 386 371 462 quam
387 383 481 440 ille
496 385 715 440 tertiam
734 402 838 458 pai
838 394 953 439 tem
974 380 1340 441 confecisset
1326 379 1568 438 lunens
1593 381 1710 434 sui:

204 480 289 535 sin
313 498 443 555 per
428 480 576 535 loca
607 480 728 534 sola
760 475 1160 550 contenderet,
1186 474 1456 561 sperabat
1493 495 1565 531 se
1600 472 1707 528 im-

200 573 538 649 prudentem
561 571 783 629 hostem
804 590 1238 647 oppressurum.
1261 568 1348 626 Ad
1382 569 1576 625 hanc
1589 584 1702 623 rem

206 665 622 726 conficiendam
663 666 960 743 imperavit
997 684 1167 742 quam
1193 663 1497 741 plurimos
1550 673 1734 718 utres

204 775 371 836 atque
395 762 563 818 etiam
587 761 784 816 culeos
809 760 1159 837 compar-am
1183 768 1316 834 post
1345 758 1469 814 haec
1509 755 1734 833 pabu-

202 856 317 910 lum
337 875 352 923 ;
376 856 644 930 praeterea
664 854 877 911 cibaria
903 865 1069 910 cocta
1089 853 1309 910 dierum
1328 852 1593 923 decem3
1619 859 1701 905 ut·

204 968 313 1023 que
343 948 510 1024 quam
550 948 780 1005 minime
821 948 981 1003 fieret
1023 948 1168 1028 ignis
1211 946 1558 1007 incastris.
1591 947 1705 1002 -Itcr

206 1043 358 1119 quod
382 1042 624 1099 habebat
644 1061 841 1100 omnes
865 1043 1032 1099 celat.

247 1197 370 1248 CAP.
397 1197 493 1245 IX·
518 1184 764 1246 Eumenes
789 1196 975 1245 callido
996 1193 1202 1244 consilio
1223 1191 1407 1244 hostem
1429 1191 1666 1242 deludit.

207 1319 329 1388 Slc
352 1339 608 1402 paratus,
624 1326 737 1402 qua
759 1328 1129 1384 constituerat
1150 1317 1581 1401 proficiscitur.
1602 1324 1698 1380 Di-

203 1419 439 1477 midium
464 1420 578 1477 fere
600 1420 846 1497 spatium
868 1420 1222 1493 confecerat,
1239 1437 1411 1497 quum
1437 1439 1521 1476 ex
1543 1420 1693 1476 fumo

205 1527 519 1582 castrorum
550 1513 670 1588 ejus
700 1513 954 1595 suspicio
980 1515 1151 1572 allata
1174 1524 1259 1572 est
1280 1513 1353 1572 ad
1375 1515 1689 1573 Eumenem

201 1609 277 1666 ho
286 1622 423 1666 stem
436 1612 917 1687 appropinquare.
934 1610 1291 1667 Conveniunt
1308 1610 1527 1685 duces,
1545 1627 1688 1687 quae·

203 1708 344 1763 ritur
366 1715 487 1785 quid
510 1727 635 1782 opas
663 1717 727 1764 sit
750 1718 904 1785 fizcto.
926 1704 1327 1782 Intelligebant
1345 1723 1560 1766 omnes
1582 1702 1687 1759 tam

203 1800 467 1857 celeriter
503 1798 700 1873 copias
743 1800 998 1874 ipsorum
1028 1797 1289 1855 contrahi
1327 1816 1443 1856 non
1478 1816 1679 1875 posse,

202 1895 372 1971 quarn
393 1890 708 1967 Antigonus
739 1893 1010 1951 affuturus
1038 1891 1357 1950 videbatur.
1382 1890 1533 1969 Hic,
1567 1909 1677 1948 om-

203 1987 370 2046 nibus
400 1987 800 2061 titubantibus,
834 1998 889 2045 et
911 1986 982 2045 de
1012 1985 1179 2045 rebus
1212 1990 1446 2044 summis
1477 1986 1679 2061 despc·

202 2081 488 2155 rantibus,
518 2083 796 2139 Eumenes
828 2081 946 2138 ait.
979 2102 1011 2137 α
1034 2080 1091 2137 Si
1125 2063 1474 2138 celeritatem
1508 2077 1676 2138 velim

203 2174 504 2249 adhibere,
530 2189 585 2232 et
623 2176 898 2251 imperata
938 2176 1155 2249 facere,
1196 2175 1352 2253 quod
1394 2177 1531 2231 ante
1572 2186 1677 2229 non

204 2268 468 2344 fecerint,
494 2288 552 2325 se
575 2291 693 2326 rem
713 2270 1131 2346 expediturum.
1144 2267 1289 2327 Nam
1306 2269 1462 2345 quod
1478 2264 1675 2324 diebus

202 2363 450 2441 quinque
476 2362 653 2421 hostis
673 2367 912 2423 transire
935 2378 1159 2441 posset,
1184 2383 1241 2421 se
1267 2362 1673 2424 effecturum-ut

177 2476 319 2515 *non
350 2458 534 2524 minus
563 2459 801 2517 totidem
821 2460 1043 2518 dierum
1068 2460 1251 2535 spatio
1270 2456 1665 2515 retardaretur

203 2554 396 2633 Quare
435 2552 830 2629 circumirent,
873 2573 1003 2611 suas
1034 2552 1271 2629 quisque
1302 2552 1503 2627 copias
1533 2565 1667 2608 con-

155 2705 159 2710 ,
198 2646 516 2703 traheret.»
545 2644 631 2705 Ad
653 2596 921 2725 Antigoni
941 2658 1129 2704 autem
1145 2645 1554 2706 refrenandum
1564 2646 1661 2699 im·
