1787 3104
666 108 1075 171 rAusAmAS.
1522 112 1598 172 27

123 186 471 266 epulabatur
510 204 665 244 more
692 189 1018 261 Persarum,
1057 184 1403 244 luxuriosius
1432 188 1605 263 quam

124 288 227 361 qui
251 283 491 340 aderant
510 283 731 358 perpeti
749 293 984 359 possent
1007 304 1019 338 :
1045 267 1604 357 aditum‘petentibus

125 375 516 435 conveniendi
545 394 659 432 non
685 371 896 433 dabat:
930 373 1169 452 superbe
1186 375 1604 449 respondebat,

122 485 183 529 et
208 471 523 528 crudeliter
552 469 915 547 imperabat:
953 471 1209 546 Spartam
1231 467 1417 525 redire
1440 474 1602 528 nole*

121 567 251 624 bat.
289 565 544 622 Golonas
559 605 576 637 ‚
600 566 695 640 qui
717 567 921 622 locus
905 585 965 621 111
987 582 1124 639 agro
1145 562 1368 619 Troade
1389 573 1510 637 est,
1545 585 1605 625 se

110 656 496 717 contulerat:
535 657 615 714 ibi
654 658 895 716 consilia
934 678 1065 716 cum
1104 658 1296 733 patriae
1336 667 1456 712 tum
1497 656 1604 715 sibi

125 753 368 809 inimica
408 752 688 827 capiebat.
737 753 806 809 Id
846 748 1151 830 postquam
1192 748 1606 808 Lacedaemonii

70 892 75 897 ⁴
126 826 518 918 resciverunt,
544 847 761 923 legatos
783 847 856 903 ad
888 866 1017 904 eum
1039 864 1171 903 cum
1194 845 1408 920 scytala
1433 848 1601 902 mise-

129 952 302 1013 runt,
323 942 385 995 in
406 938 549 1016 qua,
572 959 728 997 more
751 942 1020 1013 illorum,
1046 950 1164 997 erat
1183 937 1482 1014 scriptum,
1511 953 1606 1000 nisi

135 1044 337 1093 domum
359 1054 702 1100 reverteretur,
718 1062 770 1093 se
791 1048 967 1112 capitis
987 1063 1098 1094 eum
1114 1045 1451 1093 damnaturos.
1475 1036 1603 1093 Hoc

50 1153 61 1157 ·
137 1128 354 1184 nuncio
372 1138 560 1185 motus
583 1169 601 1201 7
633 1147 865 1203 sperans
888 1147 948 1184 se
971 1130 1137 1183 etiam
1154 1147 1227 1203 pe
1268 1129 1399 1183 unia
1420 1138 1474 1182 et
1493 1147 1602 1204 po-

137 1221 313 1278 tentia
336 1219 550 1277 instans
579 1222 901 1297 periculum
937 1239 1106 1299 posse
1253 1222 1425 1277 ellere
1447 1263 1463 1294 ‚
1496 1221 1602 1278 do-

136 1335 293 1372 mum
304 1314 493 1371 rediit.
518 1315 642 1370 Huc
668 1326 729 1370 ut
746 1317 928 1389 venit,
962 1315 1033 1371 ab
1051 1302 1281 1391 ephoris
1303 1312 1360 1370 in
1373 1316 1604 1372 vincula

135 1410 375 1485 publica
395 1404 688 1478 conjectus
706 1420 808 1465 est.
834 1408 1150 1466 Licetenim
1168 1407 1388 1485 legibus
1408 1428 1605 1466 eorum

141 1501 322 1560 cuivis
366 1501 584 1578 ephoro
611 1501 723 1560 hoc
768 1503 954 1583 saqere
975 1502 1115 1577 regi.
1154 1501 1302 1559 Hinc
1332 1514 1521 1560 tamen
1544 1521 1603 1560 se

142 1596 432 1674 expedivit
459 1618 471 1652 :
495 1616 674 1672 neque
702 1598 773 1653 eo
796 1597 977 1674 magis
1002 1596 1230 1653 carebat
1249 1597 1620 1679 suspicione31

143 1710 270 1748 nam
292 1687 494 1766 opinio
525 1689 784 1747 manebat
814 1710 943 1748 eum
967 1710 1096 1747 cum
1116 1709 1247 1766 rege
1267 1687 1475 1762 *habere
1507 1709 1604 1746 so·-

144 1784 426 1844 cietatem'.
457 1786 555 1842 Est
577 1801 754 1859 genus
774 1784 1064 1861 quoddam
1085 1784 1408 1857 hominum,
1448 1784 1605 1860 quod

143 1887 192 1938 H
195 1892 345 1938 elates
366 1890 604 1936 vocatur
619 1898 891 1954 ‚quorum
902 1865 1104 1954 magna
1116 1877 1418 1935 multitudo
1437 1895 1604 1953 agros

143 1969 699 2031 Lacedaemoniorum
733 1975 908 2046 colit,
943 1990 1341 2049 servorumque
1374 1989 1605 2028 munere

146 2066 415 2144 fungitur.
448 2067 567 2123 Hos
607 2049 832 2143 quoque
870 2065 1178 2123 sollicitare
1202 2085 1300 2141 spe
1329 2064 1606 2123 libertatis

147 2159 589 2238 existimabatur.
623 2159 734 2216 Sed
772 2160 928 2238 quod
949 2161 1147 2217 harum
1177 2178 1364 2218 rerum
1386 2161 1608 2216 nullum

146 2268 263 2334 erat
285 2266 544 2330 apertum
566 2256 777 2311 crimen
801 2273 915 2332 quo
928 2252 1084 2331 argui
1108 2268 1301 2331 posset
1319 2296 1336 2330 ,
1360 2273 1473 2313 non
1496 2273 1604 2329 pu·-

147 2348 340 2405 tabant
378 2349 449 2404 de
472 2350 571 2405 tali
591 2350 818 2425 tamque
844 2349 1005 2407 claro
1037 2350 1163 2407 viro
1187 2346 1606 2426 suspicionibus

150 2454 411 2519 oportere
435 2440 721 2517 judicari,
767 2444 865 2502 sed
889 2444 1337 2521 exspectandum
1361 2443 1508 2518 dum
1544 2461 1612 2528 sq

151 2539 272 2614 ipsa
293 2556 383 2593 res
417 2535 677 2614 aperiret.
