<?xml version="1.0" encoding="UTF-8"?>
<!DOCTYPE html PUBLIC "-//W3C//DTD XHTML 1.0 Transitional//EN"
    "http://www.w3.org/TR/xhtml1/DTD/xhtml1-transitional.dtd">
<html xmlns="http://www.w3.org/1999/xhtml" xml:lang="en" lang="en">
 <head>
  <title>
</title>
<meta http-equiv="Content-Type" content="text/html;charset=utf-8" />
  <meta name='ocr-system' content='tesseract 3.04.00' />
  <meta name='ocr-capabilities' content='ocr_page ocr_carea ocr_par ocr_line ocrx_word'/>
</head>
<body>
  <div class='ocr_page' id='page_1' title='image "./devitaexcellent02nepogoog_0133.png"; bbox 0 0 1787 3104; ppageno 0'>
   <div class='ocr_carea' id='block_1_1' title="bbox 66 154 1660 2840">
    <p class='ocr_par' dir='ltr' id='par_1_1' title="bbox 66 154 1660 2778">
     <span class='ocr_line' id='line_1_1' title="bbox 675 154 1606 212; baseline 0.002 -3"><span class='ocrx_word' id='word_1_1' title='bbox 675 158 1088 210; x_wconf 71' lang='grc' dir='ltr'><strong>ΛοΕειιΑὔε.</strong></span> <span class='ocrx_word' id='word_1_2' title='bbox 1491 154 1606 212; x_wconf 89' lang='grc'><strong>113</strong></span> 
     </span>
     <span class='ocr_line' id='line_1_2' title="bbox 116 244 1610 322; baseline 0.002 -21"><span class='ocrx_word' id='word_1_3' title='bbox 116 247 297 302; x_wconf 80' lang='lat' dir='ltr'><strong>venit</strong></span> <span class='ocrx_word' id='word_1_4' title='bbox 311 286 328 317; x_wconf 84' lang='grc'>,</span> <span class='ocrx_word' id='word_1_5' title='bbox 374 246 649 321; x_wconf 64' lang='lat' dir='ltr'><strong>ephorum</strong></span> <span class='ocrx_word' id='word_1_6' title='bbox 670 246 825 322; x_wconf 86' lang='lat' dir='ltr'><strong>jussu</strong></span> <span class='ocrx_word' id='word_1_7' title='bbox 843 290 858 321; x_wconf 72' lang='lat'><em>7</em></span> <span class='ocrx_word' id='word_1_8' title='bbox 890 246 1104 304; x_wconf 88' lang='lat' dir='ltr'><strong>bellum</strong></span> <span class='ocrx_word' id='word_1_9' title='bbox 1142 244 1511 304; x_wconf 81' lang='lat' dir='ltr'><strong>Athenienses</strong></span> <span class='ocrx_word' id='word_1_10' title='bbox 1553 261 1610 304; x_wconf 89' lang='lat' dir='ltr'><strong>et</strong></span> 
     </span>
     <span class='ocr_line' id='line_1_3' title="bbox 127 340 1610 416; baseline 0 -19"><span class='ocrx_word' id='word_1_11' title='bbox 127 341 392 397; x_wconf 80' lang='lat' dir='ltr'><strong>Boeotios</strong></span> <span class='ocrx_word' id='word_1_12' title='bbox 416 340 687 398; x_wconf 66' lang='lat' dir='ltr'><strong>indixisse</strong></span> <span class='ocrx_word' id='word_1_13' title='bbox 709 341 1146 399; x_wconf 79' lang='lat' dir='ltr'><strong>Lacedaemoniis</strong></span> <span class='ocrx_word' id='word_1_14' title='bbox 1173 361 1188 409; x_wconf 91' lang='lat'>;</span> <span class='ocrx_word' id='word_1_15' title='bbox 1221 359 1393 416; x_wconf 85' lang='lat' dir='ltr'><strong>quare</strong></span> <span class='ocrx_word' id='word_1_16' title='bbox 1414 347 1610 398; x_wconf 85' lang='lat' dir='ltr'><strong>venire</strong></span> 
     </span>
     <span class='ocr_line' id='line_1_4' title="bbox 112 432 1607 514; baseline 0.005 -29"><span class='ocrx_word' id='word_1_17' title='bbox 112 454 258 491; x_wconf 82' lang='grc'><strong>,11011</strong></span> <span class='ocrx_word' id='word_1_18' title='bbox 279 433 579 493; x_wconf 82' lang='lat' dir='ltr'><strong>dubitaret.</strong></span> <span class='ocrx_word' id='word_1_19' title='bbox 596 437 662 490; x_wconf 88' lang='lat' dir='ltr'><strong>Iu</strong></span> <span class='ocrx_word' id='word_1_20' title='bbox 684 437 793 514; x_wconf 77' lang='lat' dir='ltr'><strong>hoc</strong></span> <span class='ocrx_word' id='word_1_21' title='bbox 816 456 929 493; x_wconf 90' lang='lat' dir='ltr'><strong>non</strong></span> <span class='ocrx_word' id='word_1_22' title='bbox 944 434 1127 492; x_wconf 70' lang='lat' dir='ltr'><strong>minus</strong></span> <span class='ocrx_word' id='word_1_23' title='bbox 1147 432 1267 507; x_wconf 88' lang='lat' dir='ltr'><strong>ejus</strong></span> <span class='ocrx_word' id='word_1_24' title='bbox 1289 433 1470 509; x_wconf 85' lang='lat' dir='ltr'><strong>pietas</strong></span> <span class='ocrx_word' id='word_1_25' title='bbox 1481 455 1607 492; x_wconf 91' lang='lat' dir='ltr'><strong>sus-</strong></span> 
     </span>
     <span class='ocr_line' id='line_1_5' title="bbox 122 515 1607 608; baseline 0.001 -24"><span class='ocrx_word' id='word_1_26' title='bbox 122 522 412 608; x_wconf 79' lang='lat' dir='ltr'><strong>picienda</strong></span> <span class='ocrx_word' id='word_1_27' title='bbox 431 540 514 585; x_wconf 89' lang='lat' dir='ltr'><strong>est</strong></span> <span class='ocrx_word' id='word_1_28' title='bbox 537 528 703 605; x_wconf 73' lang='lat' dir='ltr'><strong>quam</strong></span> <span class='ocrx_word' id='word_1_29' title='bbox 723 529 900 587; x_wconf 83' lang='lat' dir='ltr'><strong>virtus</strong></span> <span class='ocrx_word' id='word_1_30' title='bbox 917 515 1126 587; x_wconf 78' lang='lat' dir='ltr'><strong>bellica</strong></span> <span class='ocrx_word' id='word_1_31' title='bbox 1149 552 1161 585; x_wconf 91' lang='lat'>:</span> <span class='ocrx_word' id='word_1_32' title='bbox 1183 526 1278 605; x_wconf 87' lang='lat' dir='ltr'><strong>qui</strong></span> <span class='ocrx_word' id='word_1_33' title='bbox 1293 534 1467 605; x_wconf 84' lang='lat' dir='ltr'><strong>quum</strong></span> <span class='ocrx_word' id='word_1_34' title='bbox 1482 532 1607 586; x_wconf 84' lang='lat' dir='ltr'><strong>vie-</strong></span> 
     </span>
     <span class='ocr_line' id='line_1_6' title="bbox 121 610 1609 700; baseline 0.001 -21"><span class='ocrx_word' id='word_1_35' title='bbox 121 623 251 680; x_wconf 83' lang='lat' dir='ltr'>tori</span> <span class='ocrx_word' id='word_1_36' title='bbox 284 610 545 700; x_wconf 73' lang='lat' dir='ltr'><strong>praeesset</strong></span> <span class='ocrx_word' id='word_1_37' title='bbox 570 623 883 698; x_wconf 78' lang='lat' dir='ltr'><strong>exercitui,</strong></span> <span class='ocrx_word' id='word_1_38' title='bbox 922 625 1334 699; x_wconf 81' lang='lat' dir='ltr'><strong>maximamque</strong></span> <span class='ocrx_word' id='word_1_39' title='bbox 1377 622 1609 680; x_wconf 86' lang='lat' dir='ltr'><strong>haberet</strong></span> 
     </span>
     <span class='ocr_line' id='line_1_7' title="bbox 127 715 1606 795; baseline 0.001 -23"><span class='ocrx_word' id='word_1_40' title='bbox 127 715 415 773; x_wconf 81' lang='lat' dir='ltr'><strong>fiduciam</strong></span> <span class='ocrx_word' id='word_1_41' title='bbox 446 719 604 794; x_wconf 80' lang='lat' dir='ltr'><strong>regni</strong></span> <span class='ocrx_word' id='word_1_42' title='bbox 635 718 928 774; x_wconf 86' lang='lat' dir='ltr'><strong>Persarum</strong></span> <span class='ocrx_word' id='word_1_43' title='bbox 958 716 1257 795; x_wconf 81' lang='lat' dir='ltr'><strong>potiundi,</strong></span> <span class='ocrx_word' id='word_1_44' title='bbox 1289 717 1443 774; x_wconf 65' lang='lat' dir='ltr'><strong>tanta</strong></span> <span class='ocrx_word' id='word_1_45' title='bbox 1481 736 1606 774; x_wconf 89' lang='lat' dir='ltr'><strong>mo-</strong></span> 
     </span>
     <span class='ocr_line' id='line_1_8' title="bbox 124 800 1608 889; baseline -0.001 -20"><span class='ocrx_word' id='word_1_46' title='bbox 124 813 322 869; x_wconf 65' lang='lat' dir='ltr'><strong>destia</strong></span> <span class='ocrx_word' id='word_1_47' title='bbox 343 800 501 868; x_wconf 78' lang='lat' dir='ltr'><strong>dicto</strong></span> <span class='ocrx_word' id='word_1_48' title='bbox 524 811 759 868; x_wconf 68' lang='lat' dir='ltr'><strong>audiens</strong></span> <span class='ocrx_word' id='word_1_49' title='bbox 775 811 1056 885; x_wconf 79' lang='lat' dir='ltr'><strong>fuitjussis</strong></span> <span class='ocrx_word' id='word_1_50' title='bbox 1070 813 1383 869; x_wconf 81' lang='lat' dir='ltr'><strong>absentium</strong></span> <span class='ocrx_word' id='word_1_51' title='bbox 1398 814 1608 889; x_wconf 85' lang='lat' dir='ltr'><strong>magis-</strong></span> 
     </span>
     <span class='ocr_line' id='line_1_9' title="bbox 120 905 1607 982; baseline 0.001 -20"><span class='ocrx_word' id='word_1_52' title='bbox 120 917 388 963; x_wconf 81' lang='lat' dir='ltr'><strong>tratuum</strong></span> <span class='ocrx_word' id='word_1_53' title='bbox 411 917 471 961; x_wconf 85' lang='lat' dir='ltr'><strong>ut</strong></span> <span class='ocrx_word' id='word_1_54' title='bbox 490 908 537 962; x_wconf 89' lang='lat' dir='ltr'><strong>si</strong></span> <span class='ocrx_word' id='word_1_55' title='bbox 559 907 811 981; x_wconf 69' lang='lat' dir='ltr'><strong>privatus</strong></span> <span class='ocrx_word' id='word_1_56' title='bbox 843 908 899 962; x_wconf 87' lang='lat' dir='ltr'><strong>in</strong></span> <span class='ocrx_word' id='word_1_57' title='bbox 944 905 1177 964; x_wconf 87' lang='lat' dir='ltr'><strong>comitio</strong></span> <span class='ocrx_word' id='word_1_58' title='bbox 1206 918 1351 962; x_wconf 89' lang='lat' dir='ltr'><strong>esset</strong></span> <span class='ocrx_word' id='word_1_59' title='bbox 1373 905 1607 982; x_wconf 79' lang='lat' dir='ltr'><strong>Spartae.</strong></span> 
     </span>
     <span class='ocr_line' id='line_1_10' title="bbox 126 986 1607 1077; baseline -0.001 -19"><span class='ocrx_word' id='word_1_60' title='bbox 126 998 314 1072; x_wconf 85' lang='lat' dir='ltr'><strong>Cujus</strong></span> <span class='ocrx_word' id='word_1_61' title='bbox 338 1002 661 1074; x_wconf 86' lang='lat' dir='ltr'><strong>exemplum</strong></span> <span class='ocrx_word' id='word_1_62' title='bbox 683 988 898 1056; x_wconf 71' lang='lat' dir='ltr'><strong>utinam</strong></span> <span class='ocrx_word' id='word_1_63' title='bbox 928 986 1295 1077; x_wconf 86' lang='lat' dir='ltr'><strong>imperatores</strong></span> <span class='ocrx_word' id='word_1_64' title='bbox 1317 999 1493 1056; x_wconf 89' lang='lat' dir='ltr'><strong>nostri</strong></span> <span class='ocrx_word' id='word_1_65' title='bbox 1516 1021 1607 1057; x_wconf 83' lang='lat' dir='ltr'><strong>se·-</strong></span> 
     </span>
     <span class='ocr_line' id='line_1_11' title="bbox 128 1080 1609 1174; baseline 0.001 -25"><span class='ocrx_word' id='word_1_66' title='bbox 128 1092 238 1172; x_wconf 83' lang='lat' dir='ltr'><strong>qui</strong></span> <span class='ocrx_word' id='word_1_67' title='bbox 260 1080 572 1150; x_wconf 85' lang='lat' dir='ltr'><strong>voluisseut</strong></span> <span class='ocrx_word' id='word_1_68' title='bbox 597 1095 609 1151; x_wconf 88' lang='lat'>!</span> <span class='ocrx_word' id='word_1_69' title='bbox 637 1093 749 1151; x_wconf 89' lang='lat' dir='ltr'><strong>Sed</strong></span> <span class='ocrx_word' id='word_1_70' title='bbox 774 1096 911 1162; x_wconf 66' lang='lat' dir='ltr'><strong>illuc</strong></span> <span class='ocrx_word' id='word_1_71' title='bbox 939 1095 1256 1151; x_wconf 85' lang='lat' dir='ltr'><strong>redeamus.</strong></span> <span class='ocrx_word' id='word_1_72' title='bbox 1312 1091 1609 1174; x_wconf 74' lang='lat' dir='ltr'><strong>Agesilaus</strong></span> 
     </span>
     <span class='ocr_line' id='line_1_12' title="bbox 126 1182 1605 1268; baseline -0.001 -22"><span class='ocrx_word' id='word_1_73' title='bbox 126 1182 576 1265; x_wconf 85' lang='lat' dir='ltr'><strong>opulentissimo</strong></span> <span class='ocrx_word' id='word_1_74' title='bbox 614 1208 790 1265; x_wconf 82' lang='lat' dir='ltr'><strong>regno</strong></span> <span class='ocrx_word' id='word_1_75' title='bbox 829 1190 1133 1268; x_wconf 84' lang='lat' dir='ltr'><strong>praeposuit</strong></span> <span class='ocrx_word' id='word_1_76' title='bbox 1169 1187 1377 1244; x_wconf 85' lang='lat' dir='ltr'><strong>bonam</strong></span> <span class='ocrx_word' id='word_1_77' title='bbox 1408 1189 1605 1244; x_wconf 84' lang='lat' dir='ltr'><strong>existi·</strong></span> 
     </span>
     <span class='ocr_line' id='line_1_13' title="bbox 125 1280 1607 1360; baseline -0.002 -20"><span class='ocrx_word' id='word_1_78' title='bbox 125 1286 478 1356; x_wconf 82' lang='lat' dir='ltr'><strong>mationem,</strong></span> <span class='ocrx_word' id='word_1_79' title='bbox 518 1282 808 1360; x_wconf 77' lang='lat' dir='ltr'><strong>multoque</strong></span> <span class='ocrx_word' id='word_1_80' title='bbox 851 1280 1155 1359; x_wconf 81' lang='lat' dir='ltr'><strong>gloriosius</strong></span> <span class='ocrx_word' id='word_1_81' title='bbox 1187 1281 1349 1337; x_wconf 76' lang='lat' dir='ltr'><strong>duxit</strong></span> <span class='ocrx_word' id='word_1_82' title='bbox 1377 1281 1422 1337; x_wconf 91' lang='lat' dir='ltr'><strong>si</strong></span> <span class='ocrx_word' id='word_1_83' title='bbox 1445 1280 1607 1338; x_wconf 86' lang='lat' dir='ltr'><strong>insti-</strong></span> 
     </span>
     <span class='ocr_line' id='line_1_14' title="bbox 123 1375 1610 1453; baseline -0.001 -19"><span class='ocrx_word' id='word_1_84' title='bbox 123 1379 274 1435; x_wconf 87' lang='lat' dir='ltr'><strong>tutis</strong></span> <span class='ocrx_word' id='word_1_85' title='bbox 296 1380 491 1453; x_wconf 78' lang='lat' dir='ltr'><strong>patriae</strong></span> <span class='ocrx_word' id='word_1_86' title='bbox 522 1377 809 1453; x_wconf 88' lang='lat' dir='ltr'><strong>-paruisset</strong></span> <span class='ocrx_word' id='word_1_87' title='bbox 830 1375 999 1453; x_wconf 74' lang='lat' dir='ltr'><strong>quam</strong></span> <span class='ocrx_word' id='word_1_88' title='bbox 1022 1375 1067 1432; x_wconf 86' lang='lat' dir='ltr'><strong>si</strong></span> <span class='ocrx_word' id='word_1_89' title='bbox 1090 1375 1243 1432; x_wconf 88' lang='lat' dir='ltr'><strong>bello</strong></span> <span class='ocrx_word' id='word_1_90' title='bbox 1287 1381 1610 1451; x_wconf 66' lang='lat' dir='ltr'><strong>superasset</strong></span> 
     </span>
     <span class='ocr_line' id='line_1_15' title="bbox 121 1471 1610 1548; baseline -0.001 -19"><span class='ocrx_word' id='word_1_91' title='bbox 121 1471 351 1529; x_wconf 85' lang='lat' dir='ltr'><strong>Asiam.</strong></span> <span class='ocrx_word' id='word_1_92' title='bbox 396 1471 516 1526; x_wconf 59' lang='lat' dir='ltr'><strong>Hac</strong></span> <span class='ocrx_word' id='word_1_93' title='bbox 549 1474 718 1548; x_wconf 86' lang='lat' dir='ltr'><strong>igitur</strong></span> <span class='ocrx_word' id='word_1_94' title='bbox 740 1483 924 1527; x_wconf 87' lang='lat' dir='ltr'><strong>mente</strong></span> <span class='ocrx_word' id='word_1_95' title='bbox 946 1471 1382 1546; x_wconf 83' lang='lat' dir='ltr'><strong>Hellespontum</strong></span> <span class='ocrx_word' id='word_1_96' title='bbox 1409 1473 1610 1548; x_wconf 87' lang='lat' dir='ltr'><strong>copias</strong></span> 
     </span>
     <span class='ocr_line' id='line_1_16' title="bbox 121 1562 1608 1643; baseline -0.001 -19"><span class='ocrx_word' id='word_1_97' title='bbox 121 1562 399 1635; x_wconf 81' lang='lat' dir='ltr'><strong>trajecit3</strong></span> <span class='ocrx_word' id='word_1_98' title='bbox 422 1570 687 1643; x_wconf 60' lang='lat' dir='ltr'><strong>tantaque</strong></span> <span class='ocrx_word' id='word_1_99' title='bbox 718 1586 851 1624; x_wconf 88' lang='lat' dir='ltr'><strong>usus</strong></span> <span class='ocrx_word' id='word_1_100' title='bbox 874 1579 960 1622; x_wconf 88' lang='lat' dir='ltr'><strong>est</strong></span> <span class='ocrx_word' id='word_1_101' title='bbox 982 1567 1269 1624; x_wconf 87' lang='lat' dir='ltr'><strong>celeritate</strong></span> <span class='ocrx_word' id='word_1_102' title='bbox 1294 1604 1310 1636; x_wconf 81' lang='grc'>,</span> <span class='ocrx_word' id='word_1_103' title='bbox 1335 1578 1426 1637; x_wconf 85' lang='lat' dir='ltr'><strong>ut,</strong></span> <span class='ocrx_word' id='word_1_104' title='bbox 1451 1566 1608 1642; x_wconf 89' lang='lat' dir='ltr'><strong>quod</strong></span> 
     </span>
     <span class='ocr_line' id='line_1_17' title="bbox 126 1656 1607 1733; baseline -0.003 -15"><span class='ocrx_word' id='word_1_105' title='bbox 126 1661 248 1718; x_wconf 84' lang='lat' dir='ltr'><strong>iter</strong></span> <span class='ocrx_word' id='word_1_106' title='bbox 265 1656 485 1728; x_wconf 81' lang='lat' dir='ltr'><strong>Xerxes</strong></span> <span class='ocrx_word' id='word_1_107' title='bbox 506 1678 655 1716; x_wconf 87' lang='lat' dir='ltr'><strong>anno</strong></span> <span class='ocrx_word' id='word_1_108' title='bbox 676 1671 926 1717; x_wconf 83' lang='lat' dir='ltr'><strong>vertente</strong></span> <span class='ocrx_word' id='word_1_109' title='bbox 960 1658 1310 1733; x_wconf 79' lang='lat' dir='ltr'><strong>confecerat,</strong></span> <span class='ocrx_word' id='word_1_110' title='bbox 1335 1656 1429 1715; x_wconf 81' lang='lat' dir='ltr'><strong>hic</strong></span> <span class='ocrx_word' id='word_1_111' title='bbox 1450 1669 1607 1717; x_wconf 86' lang='lat' dir='ltr'><strong>tran-</strong></span> 
     </span>
     <span class='ocr_line' id='line_1_18' title="bbox 130 1751 1609 1830; baseline -0.001 -18"><span class='ocrx_word' id='word_1_112' title='bbox 130 1754 300 1813; x_wconf 83' lang='lat' dir='ltr'><strong>sierit</strong></span> <span class='ocrx_word' id='word_1_113' title='bbox 340 1752 569 1828; x_wconf 85' lang='lat' dir='ltr'><strong>triginta</strong></span> <span class='ocrx_word' id='word_1_114' title='bbox 596 1752 828 1822; x_wconf 84' lang='lat' dir='ltr'><strong>diebus.</strong></span> <span class='ocrx_word' id='word_1_115' title='bbox 879 1752 1071 1828; x_wconf 88' lang='lat' dir='ltr'><strong>Quum</strong></span> <span class='ocrx_word' id='word_1_116' title='bbox 1101 1753 1218 1827; x_wconf 84' lang='lat' dir='ltr'><strong>jam</strong></span> <span class='ocrx_word' id='word_1_117' title='bbox 1254 1751 1406 1809; x_wconf 90' lang='lat' dir='ltr'><strong>haud</strong></span> <span class='ocrx_word' id='word_1_118' title='bbox 1438 1753 1609 1830; x_wconf 73' lang='lat' dir='ltr'><strong>longe</strong></span> 
     </span>
     <span class='ocr_line' id='line_1_19' title="bbox 129 1848 1610 1924; baseline -0.001 -19"><span class='ocrx_word' id='word_1_119' title='bbox 129 1849 363 1918; x_wconf 86' lang='lat' dir='ltr'><strong>abesset</strong></span> <span class='ocrx_word' id='word_1_120' title='bbox 385 1848 415 1903; x_wconf 75' lang='lat' dir='ltr'><strong>a</strong></span> <span class='ocrx_word' id='word_1_121' title='bbox 432 1848 855 1924; x_wconf 77' lang='lat' dir='ltr'><strong>Peloponneso,</strong></span> <span class='ocrx_word' id='word_1_122' title='bbox 890 1848 1163 1906; x_wconf 83' lang='lat' dir='ltr'><strong>obsistere</strong></span> <span class='ocrx_word' id='word_1_123' title='bbox 1187 1849 1237 1905; x_wconf 88' lang='lat' dir='ltr'><strong>ei</strong></span> <span class='ocrx_word' id='word_1_124' title='bbox 1262 1850 1451 1904; x_wconf 79' lang='lat' dir='ltr'><strong>conati</strong></span> <span class='ocrx_word' id='word_1_125' title='bbox 1481 1861 1610 1904; x_wconf 87' lang='lat' dir='ltr'><strong>sunt</strong></span> 
     </span>
     <span class='ocr_line' id='line_1_20' title="bbox 127 1927 1607 2026; baseline 0.001 -29"><span class='ocrx_word' id='word_1_126' title='bbox 127 1927 511 2026; x_wconf 62' lang='lat' dir='ltr'><strong>Athenienses</strong></span> <span class='ocrx_word' id='word_1_127' title='bbox 549 1953 606 1998; x_wconf 89' lang='lat' dir='ltr'><strong>et</strong></span> <span class='ocrx_word' id='word_1_128' title='bbox 642 1941 839 2000; x_wconf 85' lang='lat' dir='ltr'><strong>Boeotii</strong></span> <span class='ocrx_word' id='word_1_129' title='bbox 866 1985 883 2017; x_wconf 81' lang='grc'>,</span> <span class='ocrx_word' id='word_1_130' title='bbox 918 1945 1202 2026; x_wconf 78' lang='lat' dir='ltr'><strong>eeterique</strong></span> <span class='ocrx_word' id='word_1_131' title='bbox 1245 1961 1441 1999; x_wconf 88' lang='lat' dir='ltr'><strong>eorum</strong></span> <span class='ocrx_word' id='word_1_132' title='bbox 1465 1941 1607 2000; x_wconf 87' lang='lat' dir='ltr'><strong>socii</strong></span> 
     </span>
     <span class='ocr_line' id='line_1_21' title="bbox 130 2034 1606 2114; baseline 0.001 -21"><span class='ocrx_word' id='word_1_133' title='bbox 130 2035 296 2113; x_wconf 87' lang='lat' dir='ltr'><strong>apud</strong></span> <span class='ocrx_word' id='word_1_134' title='bbox 310 2034 621 2106; x_wconf 80' lang='lat' dir='ltr'><strong>Coroneam</strong></span> <span class='ocrx_word' id='word_1_135' title='bbox 639 2058 655 2107; x_wconf 85' lang='lat'>3</span> <span class='ocrx_word' id='word_1_136' title='bbox 681 2055 824 2114; x_wconf 86' lang='lat' dir='ltr'><strong>quos</strong></span> <span class='ocrx_word' id='word_1_137' title='bbox 845 2055 1043 2093; x_wconf 87' lang='lat' dir='ltr'><strong>omnes</strong></span> <span class='ocrx_word' id='word_1_138' title='bbox 1066 2035 1219 2111; x_wconf 85' lang='lat' dir='ltr'><strong>gravi</strong></span> <span class='ocrx_word' id='word_1_139' title='bbox 1234 2038 1428 2112; x_wconf 77' lang='lat' dir='ltr'><strong>praelio</strong></span> <span class='ocrx_word' id='word_1_140' title='bbox 1445 2036 1606 2095; x_wconf 41' lang='lat' dir='ltr'><strong>eicit.</strong></span> 
     </span>
     <span class='ocr_line' id='line_1_22' title="bbox 128 2125 1610 2208; baseline 0.001 -21"><span class='ocrx_word' id='word_1_141' title='bbox 128 2125 323 2208; x_wconf 71' lang='lat' dir='ltr'><strong>Hujus</strong></span> <span class='ocrx_word' id='word_1_142' title='bbox 342 2126 594 2185; x_wconf 76' lang='lat' dir='ltr'><strong>victoriae</strong></span> <span class='ocrx_word' id='word_1_143' title='bbox 605 2132 697 2186; x_wconf 86' lang='lat' dir='ltr'><strong>vel</strong></span> <span class='ocrx_word' id='word_1_144' title='bbox 712 2130 954 2187; x_wconf 82' lang='lat' dir='ltr'><strong>maxima</strong></span> <span class='ocrx_word' id='word_1_145' title='bbox 974 2130 1077 2188; x_wconf 81' lang='lat' dir='ltr'><strong>fuit</strong></span> <span class='ocrx_word' id='word_1_146' title='bbox 1089 2133 1212 2188; x_wconf 90' lang='lat' dir='ltr'><strong>laus</strong></span> <span class='ocrx_word' id='word_1_147' title='bbox 1226 2171 1241 2203; x_wconf 87' lang='lat'>‚</span> <span class='ocrx_word' id='word_1_148' title='bbox 1266 2130 1421 2206; x_wconf 71' lang='lat' dir='ltr'><strong>quod</strong></span> <span class='ocrx_word' id='word_1_149' title='bbox 1435 2151 1610 2208; x_wconf 87' lang='lat' dir='ltr'><strong>quum</strong></span> 
     </span>
     <span class='ocr_line' id='line_1_23' title="bbox 128 2211 1608 2303; baseline 0 -21"><span class='ocrx_word' id='word_1_150' title='bbox 128 2227 397 2303; x_wconf 75' lang='lat' dir='ltr'><strong>⁴plerique</strong></span> <span class='ocrx_word' id='word_1_151' title='bbox 418 2243 488 2281; x_wconf 86' lang='lat' dir='ltr'><strong>ex</strong></span> <span class='ocrx_word' id='word_1_152' title='bbox 513 2222 642 2303; x_wconf 60' lang='lat' dir='ltr'><strong>suga</strong></span> <span class='ocrx_word' id='word_1_153' title='bbox 669 2224 803 2281; x_wconf 87' lang='lat' dir='ltr'><strong>sein</strong></span> <span class='ocrx_word' id='word_1_154' title='bbox 820 2227 1097 2301; x_wconf 83' lang='lat' dir='ltr'><strong>templum</strong></span> <span class='ocrx_word' id='word_1_155' title='bbox 1118 2211 1387 2283; x_wconf 84' lang='lat' dir='ltr'><strong>Minervae</strong></span> <span class='ocrx_word' id='word_1_156' title='bbox 1410 2223 1608 2295; x_wconf 82' lang='lat' dir='ltr'><strong>conje-</strong></span> 
     </span>
     <span class='ocr_line' id='line_1_24' title="bbox 132 2316 1609 2396; baseline -0.001 -20"><span class='ocrx_word' id='word_1_157' title='bbox 132 2321 350 2394; x_wconf 74' lang='lat' dir='ltr'><strong>eisseiit</strong></span> <span class='ocrx_word' id='word_1_158' title='bbox 364 2362 384 2395; x_wconf 72' lang='lat'><strong><em>7</em></strong></span> <span class='ocrx_word' id='word_1_159' title='bbox 409 2332 859 2396; x_wconf 78' lang='lat' dir='ltr'><strong>quaerereturque</strong></span> <span class='ocrx_word' id='word_1_160' title='bbox 890 2318 963 2376; x_wconf 88' lang='lat' dir='ltr'><strong>ab</strong></span> <span class='ocrx_word' id='word_1_161' title='bbox 985 2339 1055 2377; x_wconf 89' lang='lat' dir='ltr'><strong>eo</strong></span> <span class='ocrx_word' id='word_1_162' title='bbox 1078 2318 1213 2395; x_wconf 92' lang='lat' dir='ltr'><strong>quid</strong></span> <span class='ocrx_word' id='word_1_163' title='bbox 1237 2319 1324 2375; x_wconf 89' lang='lat' dir='ltr'><strong>his</strong></span> <span class='ocrx_word' id='word_1_164' title='bbox 1348 2316 1466 2374; x_wconf 82' lang='lat' dir='ltr'><strong>fieri</strong></span> <span class='ocrx_word' id='word_1_165' title='bbox 1486 2320 1609 2375; x_wconf 86' lang='lat' dir='ltr'><strong>vel-</strong></span> 
     </span>
     <span class='ocr_line' id='line_1_25' title="bbox 66 2397 1660 2492; baseline -0.002 -19"><span class='ocrx_word' id='word_1_166' title='bbox 66 2470 71 2473; x_wconf 25' lang='lat'><strong><em>⁴</em></strong></span> <span class='ocrx_word' id='word_1_167' title='bbox 99 2466 105 2471; x_wconf 93' lang='lat'><strong>.</strong></span> <span class='ocrx_word' id='word_1_168' title='bbox 133 2415 217 2492; x_wconf 85' lang='lat' dir='ltr'><strong>let</strong></span> <span class='ocrx_word' id='word_1_169' title='bbox 226 2434 244 2485; x_wconf 86' lang='lat'>3</span> <span class='ocrx_word' id='word_1_170' title='bbox 262 2415 373 2473; x_wconf 88' lang='lat' dir='ltr'><strong>etsi</strong></span> <span class='ocrx_word' id='word_1_171' title='bbox 393 2414 612 2490; x_wconf 75' lang='lat' dir='ltr'><strong>aliquot</strong></span> <span class='ocrx_word' id='word_1_172' title='bbox 630 2416 867 2470; x_wconf 87' lang='lat' dir='ltr'><strong>vulnera</strong></span> <span class='ocrx_word' id='word_1_173' title='bbox 890 2425 1192 2489; x_wconf 78' lang='lat' dir='ltr'><strong>acceperat</strong></span> <span class='ocrx_word' id='word_1_174' title='bbox 1211 2432 1279 2474; x_wconf 87' lang='lat' dir='ltr'><strong>eo</strong></span> <span class='ocrx_word' id='word_1_175' title='bbox 1302 2411 1529 2489; x_wconf 24' lang='lat' dir='ltr'><strong>praelio‘,</strong></span> <span class='ocrx_word' id='word_1_176' title='bbox 1554 2426 1612 2470; x_wconf 86' lang='lat' dir='ltr'><strong>et</strong></span> <span class='ocrx_word' id='word_1_177' title='bbox 1657 2397 1660 2402; x_wconf 19' lang='lat' dir='ltr'><strong><em>f</em></strong></span> 
     </span>
     <span class='ocr_line' id='line_1_26' title="bbox 108 2505 1610 2584; baseline 0.001 -21"><span class='ocrx_word' id='word_1_178' title='bbox 108 2569 114 2573; x_wconf 25' lang='lat'><strong>⁴</strong></span> <span class='ocrx_word' id='word_1_179' title='bbox 133 2505 316 2578; x_wconf 82' lang='lat' dir='ltr'><strong>iratus</strong></span> <span class='ocrx_word' id='word_1_180' title='bbox 333 2506 631 2566; x_wconf 85' lang='lat' dir='ltr'><strong>videbatur</strong></span> <span class='ocrx_word' id='word_1_181' title='bbox 651 2506 915 2565; x_wconf 89' lang='lat' dir='ltr'><strong>omnibus</strong></span> <span class='ocrx_word' id='word_1_182' title='bbox 933 2510 1029 2584; x_wconf 84' lang='lat' dir='ltr'><strong>qui</strong></span> <span class='ocrx_word' id='word_1_183' title='bbox 1049 2508 1317 2578; x_wconf 73' lang='lat' dir='ltr'><strong>adversus</strong></span> <span class='ocrx_word' id='word_1_184' title='bbox 1339 2526 1493 2564; x_wconf 87' lang='lat' dir='ltr'><strong>arma</strong></span> <span class='ocrx_word' id='word_1_185' title='bbox 1513 2518 1610 2564; x_wconf 81' lang='lat' dir='ltr'><strong>tu-</strong></span> 
     </span>
     <span class='ocr_line' id='line_1_27' title="bbox 130 2591 1611 2680; baseline 0.001 -22"><span class='ocrx_word' id='word_1_186' title='bbox 130 2603 322 2680; x_wconf 29' lang='lat' dir='ltr'><strong>,lerant</strong></span> <span class='ocrx_word' id='word_1_187' title='bbox 342 2642 358 2678; x_wconf 83' lang='lat'>‚</span> <span class='ocrx_word' id='word_1_188' title='bbox 380 2599 569 2660; x_wconf 86' lang='lat' dir='ltr'><strong>tamen</strong></span> <span class='ocrx_word' id='word_1_189' title='bbox 608 2591 867 2659; x_wconf 70' lang='lat' dir='ltr'><strong>antetulit</strong></span> <span class='ocrx_word' id='word_1_190' title='bbox 897 2601 989 2660; x_wconf 85' lang='lat' dir='ltr'><strong>irae</strong></span> <span class='ocrx_word' id='word_1_191' title='bbox 1009 2601 1370 2679; x_wconf 86' lang='lat' dir='ltr'><strong>religionem,</strong></span> <span class='ocrx_word' id='word_1_192' title='bbox 1412 2612 1467 2660; x_wconf 89' lang='lat' dir='ltr'><strong>et</strong></span> <span class='ocrx_word' id='word_1_193' title='bbox 1507 2620 1611 2660; x_wconf 81' lang='lat' dir='ltr'><strong>eos</strong></span> 
     </span>
     <span class='ocr_line' id='line_1_28' title="bbox 102 2683 1652 2778; baseline 0 -25"><span class='ocrx_word' id='word_1_194' title='bbox 102 2725 106 2730; x_wconf 87' lang='lat'><em>-</em></span> <span class='ocrx_word' id='word_1_195' title='bbox 135 2683 316 2768; x_wconf 77' lang='lat' dir='ltr'><strong>vetuit</strong></span> <span class='ocrx_word' id='word_1_196' title='bbox 337 2689 780 2776; x_wconf 52' lang='lat' dir='ltr'><strong>violariNeque</strong></span> <span class='ocrx_word' id='word_1_197' title='bbox 802 2697 915 2757; x_wconf 88' lang='lat' dir='ltr'><strong>hoc</strong></span> <span class='ocrx_word' id='word_1_198' title='bbox 940 2699 1125 2757; x_wconf 82' lang='lat' dir='ltr'><strong>solinu</strong></span> <span class='ocrx_word' id='word_1_199' title='bbox 1147 2696 1205 2754; x_wconf 80' lang='lat' dir='ltr'><strong>in</strong></span> <span class='ocrx_word' id='word_1_200' title='bbox 1230 2695 1450 2778; x_wconf 69' lang='lat' dir='ltr'><strong>Graecia</strong></span> <span class='ocrx_word' id='word_1_201' title='bbox 1473 2695 1612 2753; x_wconf 83' lang='lat' dir='ltr'><strong>fecit</strong></span> <span class='ocrx_word' id='word_1_202' title='bbox 1639 2717 1652 2726; x_wconf 61' lang='lat'><strong><em>‘</em></strong></span> 
     </span>
    </p>

    <p class='ocr_par' dir='ltr' id='par_1_2' title="bbox 1347 2807 1427 2840">
     <span class='ocr_line' id='line_1_29' title="bbox 1347 2807 1427 2840; baseline -0.013 0"><span class='ocrx_word' id='word_1_203' title='bbox 1347 2807 1427 2840; x_wconf 88' lang='lat'><strong>10.</strong></span> 
     </span>
    </p>
   </div>
  </div>
 </body>
</html>
