1787 3104
222 285 723 349 AUCTOJRIS
779 284 1303 346 RRAEEATIO'.

24 586 211 681 Nou
233 601 452 685 dubito
476 558 607 668 fore
629 598 985 696 plerosque,
1003 596 1237 688 Attice,
1259 601 1369 695 qui
1394 600 1515 672 hoe

1 726 220 793 ¹genus
261 703 581 814 scripturae
618 699 753 783 leve
793 714 856 767 et
897 723 1028 767 non
1069 700 1217 768 satis
1254 697 1514 789 dignum
1569 724 1570 729 ¹

20 824 412 871 summorum
425 799 701 869 virorum
711 798 992 892 personis
1010 797 1308 892 judicent,
1318 824 1515 891 quum

20 900 291 968 relatum
312 897 543 995 legent,
566 898 706 1010 quis
729 897 1030 981 musicam
1054 898 1332 981 docuerit
1355 900 1516 990 Epa-

20 996 433 1083 minondam‚
470 1010 579 1062 aut
614 996 689 1085 in*
716 1000 847 1088 ejus
878 996 1216 1068 virtutibus
1250 1021 1516 1064 comme-

23 1095 290 1183 morari,
314 1091 559 1163 saltisse
584 1118 723 1161 eum
750 1094 1106 1180 commode,
1129 1096 1516 1188 scienterque

22 1193 195 1261 tibiis
229 1199 528 1260 cantasse.
565 1190 690 1259 Sed
722 1192 791 1258 hi
824 1206 1008 1261 erunt
1041 1194 1226 1280 fere,
1221 1195 1379 1285 qui,
1415 1218 1516 1259 ex-

19 1306 245 1391 portes
259 1290 603 1358 litterarum
630 1290 1034 1380 Graecarum,
1055 1290 1214 1357 nihil
1245 1304 1517 1403 rectum,

22 1391 146 1458 nisi
178 1382 406 1486 quod
385 1413 663 1480 ipsorum
697 1388 973 1475 moribus
1004 1390 1369 1478 conveniat,
1400 1415 1517 1484 pu-

20 1490 273 1557 tabunt.
295 1487 381 1554 Hi
402 1490 455 1554 si
478 1485 808 1560 didicerint
832 1510 960 1574 non
986 1485 1201 1574 eadem
1227 1488 1516 1557 omnibus

20 1611 155 1660 esse
184 1584 448 1666 honesta
460 1600 675 1700 atque
687 1587 925 1696 turpia,
955 1586 1062 1653 sed
1090 1586 1301 1654 omnia
1326 1594 1515 1679 majo-

21 1709 166 1752 rum
204 1683 508 1756 institutis
548 1683 841 1776 judicari3
874 1708 1005 1751 non
1041 1683 1515 1752 admirabuntur

22 1806 141 1850 nos
167 1784 235 1849 in
262 1782 595 1850 Graiorum
617 1780 955 1852 virtutibus
976 1781 1374 1874 exponendis
1386 1807 1513 1850 mo-

22 1905 121 1947 res
146 1904 367 1958 eorum
386 1893 649 1948 secutos.
679 1879 889 1973 Neque
917 1880 1088 1965 enini
1115 1881 1367 1958 Cimoni
1396 1882 1518 1949 fuit

24 1993 255 2071 turpe,
268 1977 759 2062 Atheniensium
776 2002 1018 2060 summo
1048 1975 1230 2067 viro,
1243 2003 1518 2050 sororem

24 2100 391 2172 germanam
432 2074 656 2154 hahere
701 2076 767 2143 in
811 2079 1205 2152 matrimonio
1219 2125 1239 2164 ‚
1279 2078 1514 2171 quippe

30 2197 228 2265 <suum
252 2174 419 2242 cives
443 2178 572 2267 ejus
595 2174 814 2242 eodem
837 2190 1158 2250 uterentur
1184 2176 1474 2246 instituto
1498 2205 1515 2245 ι

28 2282 90 2337 at
114 2271 184 2337 id
205 2271 467 2365 quidem
488 2274 711 2338 nostris
736 2273 1009 2342 moribus
1031 2274 1200 2343 nefas
1229 2273 1511 2341 habetur.

29 2365 267 2435 Laudi
250 2393 316 2434 ιιι
328 2369 570 2435 Graeeia
584 2369 830 2448 ducitur
844 2370 1315 2448 adolescentulis
1326 2377 1515 2465 quim

30 2464 337 2556 plurimos
377 2466 601 2534 habere
644 2484 965 2538 amatores.
1009 2470 1191 2538 Nulla
1232 2469 1511 2539 Lacedae-

31 2563 207 2631 moni
251 2563 379 2630 tam
419 2579 508 2631 est
546 2565 773 2634 nobilis
812 2570 1033 2657 vidua,
1077 2593 1218 2662 quae
1260 2594 1387 2636 non
1430 2570 1509 2637 ad

29 2682 284 2732 socnam
323 2677 451 2754 eat,
491 2663 766 2736 mercede
802 2667 1129 2735 conducta.
1171 2667 1461 2757 Magnis
1445 2667 1506 2732 1'n
