1787 3104
188 92 269 137 22
590 93 922 133 CORNELII
966 93 1257 134 Nm’orts

543 318 680 373 111.
744 290 1299 407 ΑΒῙὲΤιΒΕε..

188 481 314 530 CAP.
351 479 396 528 1.
427 477 669 528 Aristides
712 479 868 544 justus
907 489 1107 549 propter
1148 482 1381 532 virtutem
1423 483 1693 534 multatur·

843 574 1016 622 exilio.

189 703 252 785 Α
275 741 601 783 marines
618 766 636 800 ,
685 720 1006 800 [lysimachi
1044 714 1199 783 'filius
1219 765 1236 799 ,
1275 723 1679 801 Atheniensis,

188 820 416 897 aequalis
438 821 554 887 fere
575 820 681 877 fuit
700 816 1095 877 Themistocli.
1119 820 1320 896 Itaque
1342 838 1477 876 cum
1501 840 1581 878 eo
1604 821 1679 878 de

186 914 515 992 principatu
547 915 864 973 contendit.
887 912 1145 991 Namque
1158 915 1560 989 obtrectarunt
1584 916 1673 970 in-

189 1022 274 1067 ter
303 1028 382 1066 se.
414 1011 481 1065 In
502 1009 591 1065 his
612 1020 803 1067 autem
830 1011 1127 1084 cognitum
1146 1020 1229 1066 est
1251 1009 1466 1084 quanto
1485 1008 1669 1066 antis-

189 1116 333 1160 taret
373 1101 700 1179 eloquentia
745 1103 1099 1160 innocentiae.
1134 1101 1475 1179 Quanquam
1514 1103 1668 1159 enim

190 1197 336 1255 adeo
359 1196 680 1259 excellebat
714 1196 991 1255 Aristides
1013 1195 1348 1254 abstinentia
1372 1237 1390 1270 ,
1433 1206 1495 1252 ut
1518 1215 1674 1254 unus

189 1303 321 1368 post
362 1291 657 1348 hominum
698 1290 1031 1348 memoriam
1051 1332 1067 1363 ,
1108 1308 1250 1367 quos
1297 1289 1529 1366 quidem
1561 1274 1665 1348 nos

191 1385 576 1442 audiverimus
598 1426 614 1458 ,
648 1386 989 1462 cognomine
1010 1392 1185 1444 Justus
1210 1384 1280 1439 sit
1302 1385 1626 1460 appellatus
1649 1405 1666 1457 ;

191 1490 380 1536 tamen
396 1479 822 1550 &Themistocle
846 1477 1288 1552 collabefactus,
1310 1468 1515 1535 testula
1540 1474 1664 1554 illa,

193 1573 369 1631 exilio
405 1574 607 1631 decem
637 1592 914 1631 annorum
940 1575 1209 1630 multatus
1247 1585 1350 1630 est.
1384 1572 1498 1647 Qui
1523 1567 1662 1649 'qui-
1731 1623 1738 1642 ,

193 1668 325 1725 dem
343 1686 519 1745 qurum
537 1668 876 1743 intelligeret
893 1666 1124 1743 reprimi
1149 1670 1491 1728 concitatam
1509 1669 1660 1724 mul-

192 1763 499 1820 titudinem
524 1781 639 1819 non
660 1781 861 1839 posse,
892 1762 1213 1839 cedensque
1244 1762 1653 1819 animadverte-

189 1867 276 1913 ret
297 1854 601 1932 quemdam
628 1838 975 1913 ‘serbentem
1013 1869 1073 1913 ut
1100 1858 1283 1932 patria
1320 1857 1652 1933 pelleretur,

192 1948 456 2026 quaes‘isse
500 1947 571 2006 ab
621 1968 690 2006 eo
731 1949 964 2026 dicitur,
983 1950 1156 2030 quare
1185 1950 1245 2006 id
1270 1950 1514 2024 faceret,
1557 1961 1651 2008 mit

190 2043 339 2120 q'uid
356 2036 633 2101 Aristides
654 2046 1029 2103 commisisset
1063 2064 1165 2102 cur
1192 2043 1348 2100 tanta
1377 2046 1538 2120 poena
1561 2043 1646 2099 di-

190 2146 336 2214 g'nus'
355 2137 679 2194 duceretur.
718 2138 824 2194 Cui
850 2137 947 2196 ille
984 2138 1279 2213 respondit
1314 2153 1371 2195 se
1396 2137 1649 2215 ignorare

186 2229 520 2306 Aristidems,
539 2232 637 2292 sed
653 2231 885 2289 sibinen
904 2233 1134 2309 placere
1146 2232 1302 2309 quod
1316 2228 1519 2308 cupide
1532 2234 1640 2289 ela-

186 2324 446 2407 borasset
468 2337 529 2382 ut
549 2313 750 2403 praeter
778 2338 1000 2386 ceteros
1038 2323 1639 2406 iaustusuappellaretur.

184 2418 302 2477 Hic
320 2420 522 2477 decem
544 2439 820 2478 annorum
830 2420 1140 2497 legitimam
1158 2440 1383 2497 poenam
1395 2438 1503 2476 non
1515 2439 1634 2502 per-

188 2513 318 2571 tulit
352 2536 366 2570 ε
396 2533 528 2572 nam
546 2515 850 2592 postquam
885 2514 1105 2576 Xerxes
1130 2517 1189 2571 in
1223 2512 1494 2571 Graeciam
1514 2514 1631 2573 des-

192 2607 385 2665 cendit
400 2650 416 2683 2
433 2621 592 2666 sexto
616 2608 730 2667 fere
743 2627 893 2667 anno
911 2612 1214 2688 postquam
1226 2618 1343 2666 erat
1361 2609 1635 2686 expulsu5‚
