1787 3104
184 127 231 203 4
586 144 924 184 confictu
966 144 1258 184 unrorls

186 223 305 279 lum
336 220 541 277 inferre
565 220 819 278 decrevit
845 243 858 278 ε
882 233 1117 298 pontem
1141 223 1272 280 fecit
1295 222 1352 279 in
1378 224 1524 281 Istro
1548 222 1657 282 flu-

186 319 364 389 mine,
398 315 510 392 qua
542 317 740 392 copias
759 317 1115 388 traduceret3
1141 313 1261 387 ejus
1277 319 1467 394 pontis
1477 314 1659 393 {dum

188 414 310 487 ipse
332 410 587 484 abesset,
622 411 890 471 custodes
933 412 1160 489 reliquit
1192 410 1481 488 principes
1511 432 1659 490 quos

188 526 384 570 secum
407 524 476 561 ex
499 506 658 560 Ionia
681 516 737 562 et
755 506 976 564 AEolide
1008 507 1272 579 duxerat,
1310 507 1516 584 quibus
1540 510 1657 563 sin·

188 602 338 677 gulis
360 599 610 674 ipsarum
625 599 847 658 urbium
859 612 1135 677 perpetua
1148 601 1381 658 dederat
1395 603 1634 677 imperia
1644 645 1656 661 .

189 694 283 751 Sic
304 693 453 750 enim
484 698 704 769 putavit
738 695 1007 752 facillime
1027 715 1086 751 se
1118 695 1315 752 Graeca
1335 696 1531 772 lingua
1561 698 1655 753 lo-

187 800 450 865 quente5‚
484 787 580 865 qui
608 787 798 846 Asiam
821 790 1136 846 incolerent
1160 831 1178 863 ‚
1211 789 1316 847 sub
1346 790 1446 847 sust
1467 801 1658 851 reten-

187 895 375 939 turum
397 894 703 958 potestate,
737 886 783 941 si
817 882 1016 941 amicis
1057 887 1171 941 suis
1201 883 1417 959 oppida
1445 882 1659 942 tuenda

185 977 541 1051 tradidisset,
562 977 792 1056 quibus,
825 998 884 1035 se
904 997 1181 1054 oppresso
1197 1018 1213 1051 ,
1240 977 1395 1033 nulla
1419 997 1550 1051 spes
1565 997 1657 1033 sa-

183 1072 324 1128 lutis
336 1069 765 1148 relinqueretur.
798 1074 863 1129 In
883 1073 994 1130 hoc
1011 1074 1114 1128 fuit
1128 1067 1498 1141 tumjnhmero
1518 1071 1658 1127 Mil-

185 1166 398 1240 tiades,
425 1169 517 1222 cui
537 1167 635 1224 illa
659 1167 920 1224 custodia
953 1167 1296 1224 crederetur.
1320 1163 1455 1238 Hic,
1481 1184 1659 1242 quum

184 1259 375 1318 'crebri
388 1260 651 1318 afferrent
669 1260 863 1319 nuncii
885 1264 1033 1319 male
1054 1280 1172 1318 rem
1195 1250 1388 1337 gerere
1398 1259 1657 1334 Darium,

185 1352 482 1432 premique
513 1354 584 1411 ab
626 1354 851 1430 Scythis
866 1395 882 1427 ‚
931 1355 1225 1412 Miltiades
1269 1355 1526 1412 hortatus
1572 1352 1660 1412 est

186 1450 382 1524 pontis
403 1448 672 1511 custodes
687 1469 758 1506 ne
783 1450 814 1505 a
834 1447 1055 1506 fortuna
1078 1450 1267 1506 dat'am
1288 1450 1659 1514 occasionem

184 1542 499 1601 liberandae
516 1544 746 1602 Graeciae
774 1541 1151 1615 dimitterent3
1182 1562 1310 1604 nam
1345 1542 1389 1601 si
1415 1563 1545 1601 cum
1568 1542 1659 1601 his

186 1636 377 1713 ‘copiis
392 1679 408 1712 ‚
441 1657 581 1715 quas
604 1639 798 1695 secum
816 1650 1326 1714 transportaverat,
1352 1639 1660 1696 interiisset

186 1730 393 1789 Darius
413 1772 430 1805 ,
463 1750 578 1789 non
608 1733 793 1791 solum
819 1734 1113 1809 Europam
1155 1730 1273 1788 fore
1303 1742 1479 1788 tutam
1504 1773 1521 1805 ,
1556 1731 1658 1789 sed

189 1826 369 1882 etiam'
390 1844 515 1899 cos,
548 1828 645 1903 qui
663 1824 851 1884 Asiam
871 1828 1188 1884 incolerent
1205 1823 1396 1888 Grasci
1421 1845 1628 1902 genere
1639 1866 1656 1897 ,

186 1919 402 1977 liberos
419 1921 456 1976 a
478 1920 771 1979 Persarum
797 1922 1013 1979 futuros
1035 1920 1419 1978 dominatione
1462 1929 1538 1975 et.
1552 1938 1658 1994 pc-

186 2016 409 2071 ricula:
430 2026 485 2070 et
501 2014 562 2070 id
583 2015 750 2072 facile
779 2015 927 2074 effici
948 2033 1144 2090 posse3
1168 2024 1342 2089 ponte
1363 1998 1511 2070 enim
1532 2032 1656 2070 res-

185 2110 380 2181 ?ciSSO,
432 2126 622 2182 regem
661 2109 754 2165 vel
787 2106 1036 2165 hostium
1075 2107 1247 2179 ferro,
1279 2107 1367 2164 vel
1419 2108 1654 2182 inopia,

187 2200 390 2300 paucis
420 2202 621 2259 diebus
659 2202 1034 2268 interiturum,
1083 2199 1171 2258 Ad
1198 2200 1310 2259 hoc
1352 2200 1655 2258 consilium

188 2314 361 2371 quum
381 2285 638 2378 pictique
652 2296 992 2353 accederent
1006 2337 1022 2370 ‚
1043 2270 1298 2353 Histiaeus
1311 2293 1570 2353 Milesius
1585 2316 1654 2352 ne

186 2408 278 2445 res
290 2390 679 2460 conficeretur
700 2391 962 2466 obstitit,
982 2381 1209 2464 dicens,
1243 2409 1356 2456 non
1387 2390 1577 2445 idem
1557 2410 1653 2465 ip-

189 2484 291 2556 εἰς,
325 2484 437 2558 qui
453 2503 696 2541 summas
717 2506 895 2562 impei
898 2506 935 2541 11
970 2497 1257 2558 tenerent,
1284 2475 1563 2560 'expedire
1598 2496 1656 2540 et

186 2578 534 2634 multitudini
556 2620 579 2653 ,
598 2579 758 2656 quod
782 2579 938 2638 Darii
959 2599 1136 2654 regno
1166 2575 1460 2656 ipsorum
1439 2579 1630 2660 niter(
1621 2610 1647 2620 -

180 2673 281 2726 ‘tur
301 2670 665 2749 dominatio·
640 2695 656 2745 3
689 2694 805 2750 quo
826 2673 1152 2747 exstincto,
1181 2675 1337 2751 ipsos
1368 2657 1647 2748 potestate

553 2885 558 2908 1
