1787 3104
212 132 330 209 178
608 134 951 192 connum
992 150 1283 189 uero-ris
1565 214 1572 219 ·

202 223 302 305 qui
315 244 385 284 ex
397 234 484 283 tot
499 225 728 313 tamque
740 226 1009 303 gravibus
1030 225 1305 306 procellis
1326 227 1593 287 civilibus
1610 230 1679 285 acl

201 318 655 380 incolumitatem
675 323 938 400 pervenit
961 320 988 378 ἲ

200 460 461 535 C'ussxlss
475 459 671 541 Atticus
691 442 983 541 proscripa:
992 469 1157 545 fidelis
1176 481 1224 523 et
1236 475 1402 544 utriqu
1414 491 1438 525 e
1449 466 1679 544 sortunie.

188 576 471 689 Quums
497 621 566 658 ex
581 601 746 660 malis
758 616 819 660 ut
833 624 892 661 se
916 601 1173 678 emersit,
1196 605 1338 664 nihil
1363 605 1523 663 aliud
1543 604 1678 682 egit,

200 696 371 774 quam
388 709 450 754 ut
466 696 728 773 plurimis
741 697 949 775 quibus
960 699 1128 787 rebus
1139 711 1335 806 posset
1349 712 1498 761 esset
1511 720 1580 757 au
1591 702 1677 756 xi-

196 782 301 851 lio.
320 791 516 869 Quum
545 793 931 869 proscriptoS‚
975 784 1219 870 praemiis
1239 797 1676 871 imperatorum,

172 887 401 961 “vulgus
426 886 827 964 conquireret,
861 906 1029 945 nemo
1053 892 1110 946 iu
1132 892 1365 965 Epirum
1408 892 1563 948 venit
1584 892 1677 946 cui

195 998 287 1037 res
309 981 426 1038 ulla
450 979 712 1040 desuerit.
752 979 979 1040 Nemini
1001 1001 1117 1040 non
1141 984 1219 1040 ibi
1244 984 1522 1061 perpetuo
1555 1004 1676 1039 ma-

194 1073 367 1133 nendi
390 1087 645 1153 potestas
668 1075 818 1133 sacta
837 1087 958 1135 est.
982 1078 1120 1154 quin
1150 1078 1345 1157 etiam,
1369 1092 1503 1166 post
1526 1099 1674 1154 pree-

188 1165 335 1228 iiam
357 1165 752 1248 Philippense,
776 1171 1178 1250 interitumque
1202 1174 1264 1230 C.
1296 1172 1473 1231 Cassii
1501 1184 1557 1230 et
1585 1173 1669 1231 M.

192 1263 382 1341 Bruti,
405 1262 699 1323 [ιᾶηῑὶπω
716 1264 1018 1324 Mocillam
1039 1266 1390 1344 praetorium,
1416 1280 1472 1325 et
1496 1269 1669 1325 filium

194 1356 318 1431 ejus
333 1399 350 1432 ,
380 1334 699 1436 Aulumque
736 1360 1131 1438 Torquatum,
1177 1374 1514 1438 ceterosque
1552 1362 1668 1440 pari

193 1451 418 1511 fortuna
460 1455 800 1529 perculsos,
849 1454 1098 1512 instituit
1154 1455 1352 1529 tueri,
1396 1467 1569 1545 atque
1601 1475 1665 1514 ex

110 1546 113 1547 ⁷
190 1547 366 1625 Epiro·
388 1546 477 1606 his
494 1550 700 1608 'omnia
731 1547 1180 1610 Samothraciam
1200 1550 1526 1629 supportari
1548 1547 1664 1623 jus-

193 1641 285 1700 sit.
318 1643 570 1702 Difficile
606 1646 757 1702 enim
799 1655 885 1703 est
922 1645 1113 1704 omnia
1133 1645 1427 1725 persequi,
1475 1657 1531 1705 et
1554 1666 1662 1704 nou

192 1739 533 1797 necessaria.
566 1739 916 1828 Illudflunum
932 1740 1174 1818 intelligi
1194 1744 1462 1800 volumus
1470 1783 1487 1815 ‚
1512 1742 1661 1800 illius

190 1832 587 1891 liberalitatem
626 1853 809 1913 neque
850 1839 1254 1912 temporariam
1280 1856 1465 1914 neque
1499 1839 1659 1894 calli-

189 1927 321 1985 dam
343 1927 628 1987 fuisse.1d
651 1948 721 1986 ex
752 1929 891 2007 ip'sis
915 1929 1082 1988 rebus
1112 1950 1179 1988 ae
1197 1930 1593 2009 temporibus'
1575 1952 1662 2004 Ju-

189 2020 371 2081 dicari
400 2033 614 2101 potest,
638 2023 796 2101 quod
819 2044 936 2083 non
957 2005 1315 2084 florentibus
1318 2046 1377 2083 sc
1400 2025 1661 2083 vendita-

188 2117 293 2191 vit,
320 2116 421 2174 sed
443 2116 664 2176 afflictis
695 2139 918 2198 semper
941 2117 1240 2180 succurrit.
1291 2120 1405 2195 Qui
1430 2120 1661 2198 quidem

187 2210 511 2287 Serviliam,
535 2214 691 2271 Bruti
715 2226 978 2290 matrem,
1006 2234 1121 2273 non
1144 2216 1328 2273 minus
1350 2224 1484 2292 post
1509 2235 1658 2272 mor-

188 2317 299 2363 tem
323 2304 474 2383 ejus,
499 2309 669 2385 quam
687 2309 1007 2385 florentem,
1042 2309 1301 2367 coluerit.
1329 2310 1423 2366 Sic
1448 2309 1659 2398 libera·

187 2402 342 2458 litate
356 2412 540 2476 utenS,
556 2403 768 2460 nullas
753 2402 1078 2462 mimicitias
1093 2405 1285 2483 gessit,
1301 2404 1456 2480 quod
1471 2423 1659 2481 neque

187 2495 422 2552 laedebat
445 2515 819 2574 quemquam,
858 2520 1082 2578 neque,
1125 2499 1168 2557 si
1199 2518 1367 2577 quam
1390 2496 1660 2568 injuriam

186 2603 519 2666 acceperat,
542 2609 658 2650 nou
677 2592 941 2650 oblivisci
965 2595 1136 2675 quam
1159 2591 1358 2651 ‘ulcisci
1381 2592 1656 2652 malebat.
1665 2615 1672 2622 ·

185 2683 343 2740 Idem
387 2686 689 2742 immortali
739 2689 1011 2745 memoria
1062 2699 1332 2766 percepta
1376 2687 1660 2747 retinebat
