1787 3104
579 141 1139 182 rnzmsrocmzs,
1526 122 1596 184 15

128 219 218 276 his
249 216 571 295 opprimere
592 231 787 294 posset
808 219 1018 276 hostes-
1053 214 1282 276 Interim
1305 215 1377 275 ab
1394 219 1598 279 eodem

126 313 311 392 gradu
341 312 614 388 depulsus
639 325 742 370 est.
761 312 907 381 Nam
928 313 1372 387 Themistocles,
1394 333 1597 372 verens

123 428 198 465 ne
211 408 427 465 bellare
446 419 860 482 perseveraret,
878 408 1177 465 certiorem
1201 428 1328 466 eum
1353 407 1513 482 fecit,
1537 408 1597 466 id

123 502 256 578 agi,
291 515 351 559 ut
371 520 516 577 pons
547 521 714 578 quem
757 504 851 559 ille
890 505 950 559 in
980 503 1355 578 Hellesponto
1387 501 1599 560 fecerat
1637 576 1647 584 ἡ

123 597 565 670 dissolveretur,
589 616 654 654 ac
677 597 863 654 reditu
886 597 945 654 in
966 595 1153 654 Asiam
1177 596 1597 654 excluderetur.

122 690 313 766 quue
343 690 397 746 ei
421 692 720 775 persuasit.
761 693 958 767 Itaque
983 733 1000 766 ,
1049 695 1160 768 quii
1191 710 1288 747 sex
1311 690 1598 749 mensibus

123 788 238 843 iter
284 783 523 857 fecerat,
565 786 762 842 eadem
810 786 996 844 minus
1039 784 1241 842 diebus
1269 784 1497 863 triginta
1517 854 1520 855 γ
1540 787 1599 841 in

120 877 325 935 &Asiam
360 898 616 935 reversus
657 892 770 953 est,
803 900 974 956 seque
1019 882 1049 936 a
1078 876 1460 936 Themistocle
1485 898 1599 936 non

133 986 457 1048 superatum
472 973 597 1046 ,sed
613 985 1006 1030 conservatum
1017 971 1309 1048 judicavit.
1327 973 1419 1029 Sic
1434 975 1600 1029 unius

129 1067 247 1127 viri
277 1066 572 1142 prudentia
602 1069 822 1124 Graecia
843 1068 1077 1124 liberata
1101 1079 1184 1124 est
1204 1107 1220 1140 ,
1250 1069 1599 1143 Europaeque

132 1159 439 1219 succubuit
459 1159 610 1217 Asia.
635 1162 765 1218 Haec
799 1163 974 1217 altera
990 1161 1226 1217 victoria
1254 1202 1271 1234 ,
1311 1181 1431 1237 quae
1470 1180 1601 1217 cum

129 1254 500 1314 Marathonio
511 1258 693 1331 possit
713 1255 1032 1332 comparari
1054 1268 1264 1330 tropaeo
1289 1277 1302 1310 ε
1324 1274 1453 1311 nam
1472 1256 1599 1331 pari

100 1349 311 1417 ⁸modo
334 1350 487 1426 apud
526 1349 834 1424 Salamina,
874 1368 1051 1429 parvo
1082 1368 1315 1406 numero
1338 1351 1598 1423 navium,

127 1445 383 1502 maxima
397 1486 414 1519 ,
437 1453 567 1520 post
587 1443 879 1502 hominum
898 1442 1225 1502 memoriam
1247 1486 1264 1517 ,
1293 1446 1493 1502 classis
1515 1454 1601 1501 est

133 1538 383 1597 devicta.

135 1688 266 1737 Cn.
286 1675 384 1737 Vl.
410 1680 810 1758 Confecto—bello,
825 1684 1170 1739 Themistocles
1190 1705 1350 1738 muros
1370 1678 1602 1738 resfitnitss

132 1802 420 1879 Misenus
457 1818 517 1874 in
556 1818 669 1876 hoc
699 1818 854 1890 bello
883 1819 1294 1877 Themistocles
1327 1805 1600 1888 fuit-suec

130 1916 327 1971 minor
348 1912 405 1968 in
426 1932 590 1989 pace.
613 1912 803 1987 Quum
826 1915 974 1969 enim
997 1913 1268 1968 Phalereo
1290 1922 1600 1987 portu,ne··

136 2028 250 2085 que
271 2026 477 2084 magno
499 2027 679 2083 neque
697 2006 851 2063 bono
868 2048 884 2080 ,
905 2005 1271 2062 Athenien-ses
1293 2015 1605 2078 uterentur,

135 2101 308 2175 hujus
339 2101 824 2178 consilio‘triplex
855 2098 1012 2156 Piraei
1033 2112 1232 2175 portus
1266 2101 1605 2156 constitutus

136 2208 226 2254 est
237 2218 251 2252 ε
262 2195 423 2272 isque
437 2194 709 2252 moenibus
725 2194 1127 2267 circumdatuS,
1144 2206 1204 2250 ut
1215 2196 1396 2269 ipsam
1409 2194 1606 2250 urbem
1617 2217 1636 2228 -’

137 2288 418 2365 dignitate
429 2291 822 2368 aequipararet,
837 2291 1079 2344 utilitate
1093 2298 1399 2364 superaret.
1414 2287 1604 2343 Idem-

139 2404 253 2461 que
264 2369 737 2441 'murosAthenien
745 2385 886 2440 sium
900 2377 1140 2440 restituit
1151 2381 1439 2459 praecipuo
1452 2379 1605 2457 peri-

140 2481 280 2536 culo
305 2496 426 2535 suo.
466 2477 721 2555 Namque
751 2477 1192 2550 Lacedaemonii,
1225 2494 1455 2534 causam
1478 2475 1605 2531 ido-

104 2585 108 2590 ’
141 2590 311 2629 neam
329 2575 515 2646 nacti,
546 2565 783 2649 propter
813 2572 1180 2630 barbarorum
1210 2568 1636 2642 excursiones,-

104 2733 107 2736 Α
143 2671 260 2745 qua
279 2678 549 2744 negarent
563 2679 828 2744 oportere
857 2657 1013 2724 extra
1037 2667 1490 2741 Peloponnesum
1518 2663 1608 2734 ul·
