1787 3104
718 75 749 114 e
766 77 808 114 n
818 73 850 114 A
867 78 897 113 n
913 76 976 115 Μ
992 73 1024 114 A
1045 77 1094 115 s.
1562 64 1642 139 73

133 104 438 206 iaciebat.
459 150 563 209 Id
549 164 772 225 intuens
792 152 1063 219 Chabrias
1078 193 1095 226 ‚
1120 172 1290 229 quum
1312 154 1369 209 in
1399 171 1460 211 re
1481 158 1642 213 nulli

132 244 436 322 Agesilao
457 246 683 304 cederet
697 287 714 320 ,
749 249 849 303 sua
874 262 1075 324 sponte
1106 267 1205 304 eos
1228 246 1482 318 adjutum
1497 268 1639 327 pro-

139 340 352 397 fectus
378 379 394 410 ‚
433 340 703 418 AEgyptiae
750 342 929 401 classi.
971 340 1193 419 praefuit
1216 381 1235 415 ,
1277 340 1639 418 pedestribus

136 433 360 510 copiis
380 433 696 513 Agesilaus.
775 501 795 535 ι

194 587 337 655 Cae.
363 588 459 636 111.
487 586 729 637 Chabrias
753 601 1013 639 revocatur
1033 562 1097 639 ex
1122 549 1344 660 AEqypto
1366 588 1596 644 domum}

587 694 788 750 propter
808 687 888 732 im
893 686 1044 733 idiam
1058 684 1212 734 abest.

139 796 337 871 Tim
380 811 635 888 praefecti
676 816 824 895 regis
866 814 1069 887 Persiae
1105 816 1324 895 legatos
1366 809 1470 872 mis
1474 826 1639 873 erunt

140 907 415 963 Athenas
433 920 691 983 questum
714 910 867 989 qued
902 909 1173 966 Chabrias
1204 911 1502 973 adversum
1544 931 1636 968 re-

147 1021 300 1078 gem
316 1000 525 1057 bellum
551 1013 767 1078 gereret
790 1023 920 1061 cum
939 1005 1233 1085 AEgyptiis.
1266 1003 1636 1062 Athenienses

149 1094 321 1152 diem
345 1109 556 1151 certam
551 1045 833 1157 t’(J,'habri,ae
860 1095 1460 1175 praestituerunt,quam
1485 1110 1633 1172 ante,

146 1190 401 1248 domum
422 1191 530 1251 nisi
552 1189 792 1254 redisset
807 1230 825 1264 ‚
846 1189 1051 1266 capitis
1072 1210 1128 1246 se
1150 1191 1313 1246 illum
1335 1190 1633 1247 damnatu-

116 1303 258 1342 ·1·os
281 1285 706 1363 denuntiarunt.
730 1285 857 1343 Hoc
889 1283 987 1340 ille
1028 1284 1239 1341 nuncio
1265 1283 1513 1341 Athenas
1543 1305 1632 1341 re-

144 1380 268 1436 diit
293 1419 311 1453 ,
346 1398 528 1456 neque
571 1379 650 1436 ibi
689 1378 902 1436 diutius
940 1390 1026 1436 est
1045 1390 1296 1436 moratus
1337 1380 1505 1456 quam
1530 1378 1637 1449 fuit

147 1492 419 1531 neeesse.
442 1471 572 1530 Non
597 1471 745 1530 enim
762 1472 1005 1532 libenter
1027 1487 1143 1530 erat
1165 1486 1293 1529 ante
1318 1477 1521 1530 oculos
1546 1476 1630 1528 ei—

146 1572 319 1627 vium
352 1588 612 1642 suorum,
643 1568 799 1646 qued
841 1552 898 1626 et
936 1567 1163 1640 vivebat
1195 1567 1344 1623 laute
1367 1569 1631 1625 etindul-

152 1663 336 1744 gebat
378 1662 486 1719 sibi
522 1661 814 1719 liberalius
849 1664 1021 1744 quam
1062 1674 1123 1717 ut
1164 1659 1435 1718 invidiam
1474 1662 1629 1744 vulgi

154 1767 361 1836 posset
384 1757 648 1832 effugere.
668 1758 766 1814 Est
784 1759 935 1814 euim
958 1757 1069 1815 hoc
1105 1774 1404 1813 commune
1433 1756 1632 1814 vitium

153 1858 221 1909 in
248 1850 467 1927 magnis
486 1850 790 1929 liberisque
815 1849 1171 1926 civitatibus,
1194 1862 1254 1908 ut
1279 1848 1489 1906 invidia
1504 1852 1630 1925 glo-

153 1948 260 2018 riae
281 1929 475 2003 coines
497 1943 599 2021 sit,
632 1957 689 2001 et
710 1945 949 2002 libenter
971 1946 1042 2017 de
1065 1944 1135 2001 iis
1165 1945 1462 2001 detrahant
1489 1964 1633 2026 quos

152 2044 415 2099 eminere
436 2039 667 2097 videant
679 2040 847 2096 altius
860 2081 879 2110 ,
905 2059 1086 2117 neque
1099 2039 1288 2096 animo
1310 2058 1469 2115 aequo
1490 2058 1632 2114 pau-

161 2154 332 2212 peres
351 2134 591 2192 alienam
611 2132 966 2211 opulentiam
985 2137 1307 2204 intueantur
1331 2123 1632 2191 fortunam.

163 2233 364 2305 ltaque
407 2226 677 2284 Chabrias
690 2267 708 2302 ‚
749 2225 940 2302 quoad
964 2226 1013 2283 ei
1054 2225 1292 2300 licebat,
1326 2228 1630 2303 plurimum

166 2323 380 2392 aberat,
406 2320 602 2398 Neque
622 2322 760 2378 verb
781 2322 939 2398 *solus
967 2322 1063 2382 ille
1087 2320 1280 2378 aberat
1304 2318 1537 2380 Athenis
1557 2320 1630 2377 li-

167 2419 366 2474 benter
381 2458 397 2490 ,
423 2415 522 2471 sed
538 2435 733 2478 omnes
748 2414 862 2471 fere
873 2413 1164 2492 principes
1184 2396 1630 2486 fecer'untidem3

171 2511 323 2588 qued
350 2514 563 2574 tamum
591 2530 646 2567 se
675 2509 746 2566 ab
768 2508 982 2566 invidia
1004 2509 1277 2586 putabant
1306 2509 1632 2585 abfuturoe,

173 2608 439 2683 qur-rufini
463 2606 491 2661 ὲ
515 2617 822 2680 conspeetu
850 2624 1077 2661 suorum
1098 2603 1478 2690 recessissent.
1515 2606 1630 2661 Ita·
