1787 3104
224 52 323 69 wr--u-

233 136 308 205 155
610 146 942 187 comm-:tn
983 145 1272 186 izi-:pons

222 244 475 304 terfectis
517 242 907 302 sacerdotibus
937 261 1080 320 quos
1109 245 1167 299 in
1191 261 1321 300 arce
1364 242 1679 319 invenerat,
1751 310 1752 317 ἵ

224 334 495 398 incendi'o
525 339 755 396 delevit.
780 337 953 411 Cujus
983 336 1204 394 flamma
1225 336 1507 413 perterriti
1537 337 1682 396 clas-

227 433 381 492 siarii
405 475 421 509 ,
453 452 625 511 quum
647 453 873 491 manere
896 452 1010 489 non
1034 433 1305 489 auderent
1325 473 1340 504 ,
1374 443 1429 488 et
1457 431 1684 506 plurimi

227 530 584 588 hortarentur
607 539 667 584 ut
681 528 888 586 domos
903 546 1032 583 suas
1049 527 1285 603 quisque
1304 526 1682 601 discederent,

228 624 616 699 moenibusque
631 641 688 678 se
702 620 1069 699 defenderent
1084 641 1099 692 ;
1113 621 1526 679 Themistocles
1545 641 1686 680 unus

227 716 460 791 restitit,
505 728 559 773 et
583 716 874 775 universos
917 736 1037 772 esse
1079 735 1244 792 pares
1276 735 1444 792 posse
1476 717 1685 790 aiebat,

230 815 518 890 dispersos
536 810 845 868 testabatur
856 809 1157 886 perituros.
1182 810 1361 887 quue
1381 810 1686 886 Eurybiadi

230 908 350 984 regi
372 905 949 978 Lacedaemoniorum,
965 904 1060 981 qui
1079 912 1198 961 ttim
1222 912 1445 967 summae
1468 906 1688 981 imperii

228 1012 495 1078 praeerat,
530 999 646 1056 fore
690 999 1018 1060 affirmabat.
1064 999 1248 1073 Quem
1290 1019 1463 1077 quum
1505 1002 1689 1058 minus

232 1097 402 1172 quam
420 1097 590 1152 vellet
602 1107 882 1170 moveret,
907 1107 1082 1152 noctu
1105 1094 1175 1151 de
1190 1097 1366 1151 servis
1386 1096 1501 1150 suis
1523 1114 1691 1171 quem

232 1190 430 1248 habuit
442 1189 828 1246 fidelissimum
843 1232 860 1263 ,
884 1189 957 1246 ad
979 1207 1168 1262 regem
1191 1188 1364 1261 misit,
1392 1199 1450 1244 ut
1472 1190 1525 1245 ei
1546 1207 1691 1246 nuu-

235 1285 411 1341 ciaret
427 1283 539 1341 suis
552 1284 757 1351 verbiS‚
780 1305 811 1338 «
832 1283 1184 1345 adversarios
1198 1281 1245 1355 ej
1254 1281 1318 1339 u's
1331 1280 1388 1338 in
1402 1281 1534 1360 suga
1550 1304 1691 1356 esse,

234 1378 332 1456 qui
351 1380 398 1435 si
420 1377 842 1452 discessissent,
886 1376 1096 1467 majore
1123 1396 1249 1433 cum
1271 1375 1467 1434 labore
1492 1389 1548 1434 et
1566 1380 1692 1435 lon-

235 1472 531 1549 ginquiore
554 1483 808 1548 tempore
829 1470 1042 1527 bellum
1073 1473 1495 1547 confecturum,
1521 1493 1692 1548 quum

236 1569 493 1646 singulos
535 1567 850 1624 consectari
883 1578 1210 1644 cogeretur3
1252 1587 1394 1644 quos
1436 1570 1483 1623 si
1508 1564 1695 1625 statim

237 1662 661 1739 aggrederetur,
698 1656 855 1719 brevi
891 1661 1183 1718 universos
1205 1680 1635 1738 oppressurum.
1662 1684 1690 1718 ι)

237 1756 363 1831 Ηᾳε
388 1757 457 1813 eo
474 1756 728 1828 valebat,
753 1769 813 1812 ut
851 1743 1103 1830 in'gratiis
1145 1757 1218 1813 ad
1253 1757 1696 1833 depugnandum
1761 1769 1762 1784 ¹

239 1870 434 1907 omnes
450 1864 803 1927 cogerentur.
819 1849 940 1905 Hac
953 1870 1014 1906 re
1034 1849 1225 1907 audita
1234 1892 1250 1926 ,
1270 1849 1546 1908 barbarus
1559 1853 1696 1910 'nihil

239 1944 359 2001 doli
380 1944 606 2001 subesse
632 1944 899 2017 credens,
924 1943 1198 2021 postridie
1221 1945 1570 2004 alienissimo
1597 1948 1697 2005 sibi

241 2040 399 2113 loce,
418 2039 613 2095 contra
626 2038 1108 2115 opportunissimo
1129 2039 1384 2098 hostibus
1398 2082 1415 2116 ,
1436 2027 1586 2098 adeo
1603 2061 1699 2100 an-

178 2151 179 2158 *
240 2142 405 2209 gusto
437 2134 574 2190 mari
607 2132 890 2207 conflixit,
917 2146 976 2190 ut
1006 2133 1127 2206 ejus
1148 2135 1448 2210 multitudo
1473 2136 1699 2193 navium

241 2228 515 2316 explicari
558 2246 672 2284 nou
701 2231 970 2304 potuerit.
1015 2230 1214 2287 Victus
1246 2249 1381 2305 ergo
1414 2240 1498 2285 est
1521 2232 1705 2309 magis

245 2321 485 2378 consilio
514 2321 911 2377 Themistoclis
926 2363 942 2395 ,
973 2323 1141 2400 quam
1163 2326 1333 2381 armis
1353 2324 1609 2383 Graeciae.

511 2455 636 2504 Car.
662 2455 728 2508 V.
753 2453 947 2510 Xerxes
970 2455 1179 2528 Europa
1199 2460 1416 2528 pellitur.

243 2568 376 2643 Hic
400 2585 671 2645 barbarus
692 2630 708 2663 ,
740 2592 843 2646 etsi
866 2593 1013 2648 male
1034 2610 1152 2648 rem
1191 2604 1470 2668 gesserat,
1510 2604 1703 2649 tamen

242 2691 423 2736 tantas
436 2681 675 2739 habebat
687 2684 954 2762 reliquias
968 2687 1261 2762 copiarum
1273 2726 1291 2762 ,
1311 2698 1373 2744 ut
1383 2684 1556 2744 etiam
1572 2704 1703 2744 cnm
