1787 3104
591 166 1048 233 ’nennium
1477 176 1558 254 49

124 324 253 377 TGAr.
270 325 347 384 X,
368 322 522 397 Apud
538 322 924 378 Pharnabazum·
942 331 994 378 ἱιι
1009 316 1209 379 insidiis
1225 316 1528 380 Alcibiades

680 413 960 484 conficitur.
1153 424 1178 431 ‘

84 526 247 607 Hac
267 564 442 621 quum
463 546 783 621 moliretur,
802 544 1178 623 peteretque&
1191 541 1556 603 Pharnabazo

86 651 148 697 ut
178 639 249 697 ad
269 659 463 717 regem
485 638 827 713 mitteretur,
851 640 1057 701 eodem
1077 651 1333 717 tempore
1352 638 1568 723 Critias·

87 732 369 812 ceterique
393 734 619 811 tyranni
637 733 1063 793 Atheniensium
1085 720 1273 793 certos
1295 733 1556 792 homines

85 827 154 886 ad
176 830 531 904 Lysandrum
552 831 610 886 in
631 828 821 886 Asiam
844 829 1144 904 miserunt,
1169 832 1408 907 quicum
1427 850 1553 887 cer-

36 1000 39 1001 ⁷
82 923 285 981 tiorem
325 923 613 996 facerent,
651 922 759 981 nisi
798 922 1155 982 Alcibiadem
1195 924 1511 983 sustulisset
1536 966 1552 998 ‚

86 1017 226 1075 nihil
248 1038 441 1076 earum
469 1038 661 1076 rerum
680 1018 798 1077 sore
815 1030 999 1076 ratum
1020 1038 1161 1096 quas
1182 1019 1302 1095 ipse
1321 1017 1554 1076 Athenis

91 1111 473 1171 constituisset
519 1135 532 1171 :
577 1115 753 1191 quare
782 1116 826 1170 si
858 1132 987 1170 suas
1007 1132 1097 1169 res
1121 1124 1306 1189 gestas
1327 1132 1552 1171 manere

90 1209 280 1282 vellet,
323 1208 492 1266 illum
522 1218 978 1285 persequeretur.
1020 1208 1122 1264 His
1153 1208 1343 1265 Lacon
1385 1197 1556 1264 rebus

89 1314 400 1360 commotus
426 1305 620 1361 statuit
642 1303 966 1360 accuratius
990 1301 1094 1359 sibi
1118 1302 1399 1376 agendum
1423 1320 1553 1359 cum

86 1394 470 1456 Pharnabazo.
510 1398 656 1454 Huic
709 1415 845 1472 ergo
889 1398 1173 1454 renuntiat
1222 1386 1554 1453 societatem

88 1509 203 1568 quae
237 1494 357 1570 regi
404 1511 540 1551 cum
580 1489 1020 1549 Lacedaemoniis
1062 1504 1210 1548 esset
1252 1502 1397 1547 stare
1439 1510 1553 1548 non

89 1602 280 1663 posse,
313 1589 641 1663 foederaque
662 1588 816 1644 irrita
835 1587 1021 1643 sutura
1036 1628 1052 1661 ‚
1078 1585 1182 1641 nisi
1197 1583 1550 1642 Alcibiadem

88 1679 273 1739 vivum
302 1694 401 1740 aut
432 1681 1097 1742 mortuumtradidisset.
1126 1677 1254 1736 ‘Non
1292 1679 1419 1734 tulit
1442 1678 1554 1736 hoc

95 1786 335 1855 satrapes
360 1818 377 1851 ,
425 1787 483 1834 et
505 1777 736 1833 ‘violare
773 1774 1162 1848 elementiam,
1194 1774 1363 1850 quam
1402 1768 1555 1849 regis

91 1886 225 1947 opes
245 1872 455 1945 minui,
477 1870 695 1928 maluit.
719 1872 916 1947 Itaque
930 1870 1080 1925 misit
1093 1866 1476 1945 S'ysamithren
1499 1876 1557 1923 et
1583 1937 1589 1950 .

87 1963 334 2044 {Bagoam
353 1966 428 2024 ad
459 1964 814 2023 Alcibiadem
843 1961 1293 2021 interficiendum
1321 2002 1338 2036 ,
1375 1979 1556 2038 quum

97 2058 185 2115 ille
209 2071 354 2119 esset
375 2063 435 2117 in
458 2061 726 2139 Phrygis,
752 2060 969 2134 iterque
1002 2058 1074 2114 ad
1097 2061 1286 2137 regem
1309 2043 1553 2132 pararet.

92 2150 272 2231 Missi,
283 2156 435 2214 clam
444 2154 743 2228 vicinitati,
755 2154 810 2210 in
825 2157 936 2230 qua
948 2156 1066 2209 tum
1078 2151 1402 2208 Alcibiades
1415 2161 1556 2223 erat,

96 2245 225 2306 dant
237 2251 530 2328 negotium
542 2239 742 2307 uteum
756 2247 1116 2305 interficiant.
1133 2246 1223 2303 Illi
1238 2265 1409 2322 quum
1429 2262 1556 2301 eum

99 2340 240 2401 ferro
263 2345 494 2424 aggredi
520 2364 633 2403 non
654 2327 962 2416 auderent,
989 2356 1162 2426 noctu
1177 2343 1328 2417 ligna
1353 2333 1558 2398 contu-

98 2437 446 2499 leruntcirca
461 2458 649 2497 casam
671 2458 797 2498 eam
818 2436 876 2495 in
898 2442 1008 2514 qua
1027 2434 1381 2513 quiescebat,
1404 2450 1560 2506 eam-

90 2545 205 2609 lque
221 2536 659 2609 succenderunt,
673 2522 734 2590 ut
747 2532 1016 2589 incendio
1032 2529 1380 2588 conficerent
1392 2545 1559 2606 quem

97 2621 266 2683 imanu
280 2629 528 2707 superari
541 2649 711 2706 posse
734 2628 1083 2685 diffidebant.
1099 2627 1202 2682 Ille
1226 2637 1439 2697 autem,
1465 2640 1561 2681 so·

100 2722 221 2789 nitu
240 2724 469 2781 flammae
489 2726 791 2801 excitatus,
816 2723 973 2803 quod
991 2720 1215 2796 gladius
1230 2719 1279 2777 ei
1295 2728 1414 2775 erat
1428 2715 1567 2806 sub-¹

88 2819 108 2848 Ὗ
263 2853 477 2894 Corneli-⁸
497 2831 665 2905 zupus
1099 2863 1116 2882 ¹-
1348 2830 1388 2887 fi
