1787 3104
68 398 85 439 θ

538 195 760 244 unua
803 192 1184 235 connium.
1489 172 1604 248 191‘

454 326 746 383 EADEM
789 286 989 382 Amo
1029 323 1274 381 Loco,

133 457 276 530 Van
290 483 380 524 ⁸13
409 466 708 542 conceptis
725 465 981 539 dejerare
1001 464 1211 538 ausim,
1233 457 1605 539 praeterquam

124 563 223 640 qui
265 561 556 619 Tiberium
592 561 923 619 Gracchum
962 563 1276 629 necarunt,
1321 555 1605 611 neminem

53 654 59 661 ’
128 655 421 714 inimicum
439 657 656 712 tantiim
688 656 957 713 molestiae
987 653 1316 729 tantumque
1345 646 1561 745 labgris
1585 684 1602 719 ,
1651 673 1660 679 ·

125 752 400 828 quantum
430 763 515 823 te,
547 750 620 808 ob
651 750 752 806 has
782 768 871 806 res
903 746 1040 804 mihi
1071 744 1371 804 tradidisse
1387 765 1404 816 ;
1437 760 1607 819 quem

128 845 430 922 oportebat
467 844 719 903 oninium
754 861 952 901 eorum
983 859 1127 920 quos
1160 838 1398 898 antehzic
1433 834 1607 893 habui

127 941 371 1014 liberm,
401 951 592 1018 partes
623 958 819 997 eorum
849 942 1125 1010 tolerare,
1155 949 1321 1012 atque
1365 950 1565 990 curare
1587 971 1605 1003 ,

131 1048 192 1091 ut
214 1036 383 1111 quim
401 1035 693 1091 minimum
717 1032 1122 1090 sollicitudinis
1154 1029 1210 1087 in
1242 1025 1470 1087 senecta
1501 1026 1605 1081 ha-

130 1131 323 1186 berem
362 1170 378 1201 ‚
418 1124 612 1205 utique
655 1147 1006 1206 quaecunque
1048 1143 1244 1201 ageres
1267 1167 1284 1198 ,
1326 1142 1390 1180 ea
1430 1120 1608 1178 velles

128 1224 376 1280 maxime
408 1222 545 1279 mihi
574 1226 835 1299 placere,
868 1232 1035 1297 atque
1066 1214 1147 1276 uti
1183 1218 1341 1277 nefas
1368 1214 1609 1273 haberes

128 1336 320 1376 rerum
371 1313 648 1388 majorum
699 1316 1008 1374 adversum
1041 1331 1222 1371 meam
1274 1308 1608 1370 sententiam

127 1413 445 1487 quidquam
482 1413 666 1469 facere
701 1433 714 1468 ε
748 1403 1056 1487 praesertim
1098 1406 1267 1481 mihi,
1298 1408 1391 1463 cui
1432 1421 1609 1482 parva

129 1522 265 1580 pars
285 1506 411 1562 vitae
433 1517 714 1583 superest,
731 1526 799 1563 ne
823 1506 881 1563 id
904 1503 1134 1582 quidem
1146 1501 1262 1559 tim
1283 1497 1452 1559 breve
1476 1517 1608 1576 spa-

134 1604 275 1658 tium
299 1608 488 1674 potest
517 1600 817 1676 opitulari,
839 1598 974 1679 quin
1007 1608 1061 1656 et
1091 1597 1229 1654 mihi
1260 1593 1607 1668 adverseriS,

133 1706 189 1750 et
230 1692 643 1771 rempublicam
671 1695 959 1772 prossiges.
991 1695 1249 1769 Denique
1280 1709 1401 1768 quae
1430 1707 1611 1767 pausa

131 1787 239 1846 erit
255 1829 270 1860 ,
296 1799 350 1845 et
373 1787 607 1864 quande
627 1788 847 1846 desinet
870 1788 1080 1845 familia
1099 1798 1291 1845 nostra
1316 1787 1561 1842 insanire
1587 1778 1614 1838 ἓ

133 1895 190 1940 et
211 1881 444 1959 quande
463 1882 668 1940 modus
689 1879 740 1939 ei
762 1882 844 1940 rei
868 1881 1063 1940 haberi
1084 1877 1332 1959 poterit?
1354 1889 1409 1935 et
1427 1896 1609 1956 quan-

131 1973 209 2033 dc'»
223 1975 547 2035 desinemus
571 1987 626 2033 et
660 1973 918 2033 absentes
941 1989 995 2035 et
1016 1986 1318 2054 praesentes
1338 1973 1613 2031 molestiis

131 2068 446 2128 desistere?
467 2081 523 2129 et
545 2071 778 2149 quande
800 2070 1182 2148 perpudescet
1209 2067 1500 2127 miscenda
1525 2078 1610 2123 at·

131 2185 243 2240 que
272 2165 657 2242 perturbanda
688 2163 1029 2242 republica?
1058 2165 1170 2222 Sed
1202 2167 1248 2221 si
1280 2162 1512 2222 omnine
1552 2144 1613 2218 ic‘l

129 2253 257 2317 fieri
280 2279 394 2317 non
413 2272 632 2337 potest,
658 2259 754 2316 ubi
777 2277 884 2337 ego
908 2270 1129 2318 mortua
1153 2280 1250 2317 ero
1266 2301 1282 2334 ,
1307 2258 1485 2335 petito
1508 2257 1612 2313 tri-

133 2354 407 2412 bunatum
425 2396 442 2430 ,
474 2367 607 2431 post
637 2367 725 2412 me
758 2353 931 2412 facito
961 2353 1117 2431 quod
1146 2353 1404 2427 lubebit‚
1438 2366 1615 2430 quum

133 2467 243 2526 ego
273 2469 391 2507 non
430 2451 689 2507 sentiam.
718 2448 828 2507 Ubi
859 2462 1081 2507 mortua
1112 2468 1243 2522 ern,
1286 2442 1614 2523 parentabis

131 2542 304 2615 mihi,
330 2557 385 2601 et
408 2543 704 2609 invocabis
734 2544 904 2601 deum
934 2556 1246 2622 parentem.
1271 2545 1337 2598 In
1369 2561 1438 2600 eo
1468 2555 1612 2599 tem-

132 2649 276 2715 pore
298 2657 411 2695 non
433 2639 613 2715 pudet
633 2651 687 2697 te
711 2659 909 2697 eorum
928 2639 1096 2700 deam
1111 2657 1311 2716 preces
1325 2647 1613 2714 expetere,

139 2752 279 2811 quos
294 2774 311 2805 ,
330 2732 496 2796 vivos
519 2747 684 2813 atque
708 2745 1041 2814 praesentes,
1067 2733 1300 2792 relictos
1323 2742 1490 2809 atque
1511 2731 1618 2789 de-

1609 2835 1656 2870 f,
