1787 3104
409 143 462 182 τ.
506 140 902 181 rumpemus
946 136 1276 188 Africus.
1471 124 1591 196 189

109 221 221 279 hoc
253 210 584 297 priusquam
614 215 664 274 ei
696 217 1018 299 accideret,
1044 220 1348 294 postquem
1378 217 1436 273 in
1468 217 1587 274 die„

107 315 338 372 dolores
360 332 689 371 accrescere
715 310 1009 389 febresque
1033 311 1344 370 accessisse
1378 311 1552 369 sensit
1572 352 1589 386 ,

108 409 418 486 Agrippam
438 426 707 485 generum
729 406 802 464 ad
822 427 881 465 se
905 405 1167 465 arcessiri
1184 405 1374 480 jussit,
1390 419 1591 464 etcum

106 523 178 562 co
199 503 282 563 L.
324 502 651 560 Cornelium
687 501 927 559 Balbum
947 544 964 576 ‚
1007 501 1352 578 Sextumque
1400 501 1589 559 Pedu-
1633 564 1638 569 ‚

108 618 306 656 caeum.
321 596 442 655 Hos
465 607 525 654 ut
546 593 768 654 venisse
788 595 959 672 vidit,
974 598 1031 652 in
1056 594 1316 657 cubitum,
1332 595 1588 654 iunixus:

113 716 148 747 «
174 690 489 766 Quantam,
526 692 739 768 inquit,
784 711 980 749 curam
1021 691 1487 769 diligentiamque
1532 692 1589 750 in

106 788 198 844 val
208 786 577 863 etudineiuea
590 784 801 843 tuenda
812 786 925 844 hoc
938 798 1194 863 tempore
1210 785 1588 859 adhibuerim,

108 901 285 960 quum
303 892 406 939 vos
428 893 598 939 testes
620 880 856 937 habeam
873 922 890 956 ,
912 880 1052 938 nihil
1072 899 1306 938 necesse
1329 880 1591 958 pluribus

109 974 300 1043 verbis
351 992 796 1055 commemorare
830 994 846 1045 ς
898 973 1104 1053 quibus
1155 976 1434 1053 quoniam!
1458 1012 1474 1046 ,
1531 985 1592 1031 ut

109 1088 312 1146 spero,
347 1068 632 1143 satisfeci,
663 1068 919 1146 nihilque
950 1069 1153 1146 reliqui
1187 1068 1296 1126 feci
1327 1069 1484 1145 quod
1516 1069 1589 1126 ad

110 1163 427 1245 sanandum
451 1154 540 1221 me
570 1163 909 1241 pertineret,
933 1164 1214 1239 reliquum
1245 1176 1329 1220 est
1359 1175 1420 1219 ut
1443 1183 1589 1241 ego-

110 1269 226 1317 met
248 1258 386 1315 mihi
409 1259 722 1316 consulam.
748 1258 814 1315 Id
834 1276 940 1316 vos
959 1255 1224 1336 ignorare
1243 1256 1436 1334 nolui,
1457 1277 1589 1315 nam
1669 1254 1672 1255 ⁷

109 1350 248 1410 mihi
281 1364 388 1410 stat
418 1355 569 1409 alere
602 1351 861 1411 morbum
897 1350 1179 1415 desinere.
1191 1349 1457 1445 Namque
1501 1352 1589 1410 his

108 1443 315 1500 diebus
333 1444 611 1522 quidquid
633 1445 747 1502 cibi
768 1448 982 1521 sumpsi
1000 1444 1078 1502 ita
1096 1446 1367 1523 produxit
1385 1428 1587 1522 vitam,

48 1524 50 1529 ’
110 1550 173 1596 ut
210 1540 462 1596 auxerim
500 1539 732 1597 dolores
776 1543 895 1598 sine
938 1557 1039 1619 spe
1078 1539 1295 1599 salutis.
1321 1540 1513 1615 Quare
1557 1542 1588 1598 'a

109 1633 274 1692 vobis
293 1643 428 1709 peto
451 1632 696 1709 primum
718 1648 779 1691 ut
798 1636 1100 1694 consilium
1112 1636 1365 1714 probetis
1380 1656 1587 1714 meum,

109 1728 319 1810 deinde
342 1747 412 1783 ne
435 1726 638 1785 frustra
660 1728 1018 1787 dehortando
1044 1729 1394 1788 conemini.»

195 1871 322 1920 CAr.
343 1871 525 1921 xxll.
538 1870 923 1928 Atticusinedid
941 1877 1163 1935 moritur,
1182 1884 1229 1925 ‘el
1247 1874 1501 1944 sepelitur.
1570 1875 1576 1881 ’

111 1990 270 2061 Hic
314 2003 573 2061 oratione
611 2003 834 2079 habita,
866 1983 1025 2064 tanta
1069 2006 1388 2065 constantia
1426 2002 1589 2065 vocis

110 2108 279 2172 atque
300 2095 512 2171 vultos,
526 2107 589 2155 ut
610 2118 723 2155 non
744 2119 818 2157 >ex
838 2101 955 2158 vita
979 2101 1078 2160 sed
1102 2120 1171 2158 ex
1194 2100 1370 2160 domo
1393 2097 1449 2156 in
1474 2097 1587 2158 do·
1645 2155 1650 2164 ,
1693 2103 1700 2142 ῑ

110 2209 265 2247 mum
284 2189 575 2266 videretur
586 2195 826 2269 migrare
842 2214 860 2268 3
881 2213 1056 2272 quum
1067 2193 1298 2274 quidem
1311 2194 1585 2274 Agrippa,
1647 2197 1652 2218 ²

108 2306 239 2343 eum
260 2281 402 2342 flens
422 2296 590 2362 atque
609 2291 908 2364 osculauS,
923 2300 1111 2348 oraret
1132 2301 1299 2368 atque
1320 2288 1587 2347 obsecra-

109 2392 194 2438 ret
223 2401 255 2435 (ι
278 2400 348 2439 ne
372 2379 446 2437 ad
466 2380 528 2438 id
553 2383 706 2460 quod
734 2394 933 2441 natura
961 2398 1193 2464 cogeret
1211 2382 1334 2462 ipse
1359 2402 1587 2462 quoque

108 2474 216 2533 sibi
240 2478 612 2551 acceleraret,
628 2485 703 2551 et,
723 2478 991 2555 quoniam
1016 2481 1134 2536 tum
1148 2499 1372 2557 quoque
1391 2488 1587 2558 posset

106 2569 460 2646 temporibus
489 2589 813 2649 superesse,
839 2592 899 2630 se
931 2571 1050 2630 sibi
1070 2573 1297 2650 suisque
1328 2569 1584 2630 reserva*-

105 2677 190 2723 ret
215 2686 246 2719 »
269 2685 286 2737 ;
318 2684 520 2742 preces
571 2666 692 2745 ejus
733 2665 1014 2725 taciturna
1058 2669 1157 2726 suz‘i
1202 2666 1585 2726 obstinatione

1423 2855 1502 2884 ³:

1437 2887 1471 2902 ,S
