1787 3104
228 157 306 216 26
624 175 960 214 conus-211
1003 174 1291 213 macons

128 286 131 289 -
219 254 469 331 pinquos
491 262 622 310 tuos
643 250 914 328 cognovit
927 293 945 325 ‚
966 251 1072 307 tibi
1090 253 1307 309 muneri
1322 236 1499 320 misit}
1521 268 1705 326 seque

221 360 411 403 tecum
425 345 687 402 affinitate
703 344 973 422 conjungi
988 345 1165 422 cupit.
1186 344 1378 421 Quare
1392 385 1409 418 ‚
1428 341 1474 400 si
1486 343 1598 400 tibi
1610 347 1706 402 vi-

221 440 418 514 detur,
459 439 559 496 des
579 437 628 495 ei
652 439 825 496 filiam
847 453 1002 496 tuam
1024 454 1281 517 nuptum.
1301 439 1368 495 Id
1391 437 1440 496 si¹
1462 436 1702 512 feceris,

223 546 280 592 et
302 534 559 612 Spartam
571 546 628 590 et
640 546 885 591 ceteram
897 533 1175 591 Graeciam
1199 535 1300 592 sub
1318 524 1475 589 tuam
1496 544 1701 611 potes-

221 641 426 701 tatem,
471 647 532 684 se
572 626 874 700 adjuvante
899 669 916 702 ‚
957 627 1320 686 redacturum
1356 628 1699 704 pollicetur.

222 723 324 780 His
346 722 418 778 de
455 721 626 780 rebus
647 723 853 799 siquid
876 723 994 796 geri
1016 723 1296 797 volueris,
1338 732 1563 779 certum
1589 721 1697 779 ho·
1763 796 1764 807 ἵ

223 819 432 875 minem
455 817 527 873 ad
550 802 678 875 eum
700 815 887 873 mittas
912 817 1033 874 face
1048 858 1065 890 ,
1098 837 1227 874 cum
1249 834 1363 893 quo
1388 808 1699 893 colloqua-

224 925 334 983 tur.
361 932 402 966 ».
428 911 575 986 Rex,
604 922 689 968 tot
707 911 1001 968 homiuum
1022 913 1202 968 salute
1222 911 1338 968 tam
1356 908 1464 966 sibi
1485 928 1697 979 neces-

226 1005 502 1063 sariorum
533 1004 876 1082 magnopere
924 1006 1147 1082 gavisus
1165 1044 1178 1071 ,
1226 1002 1529 1062 confestim
1564 1024 1699 1061 cum

224 1101 468 1178 epistola
479 1097 815 1157 Artabazum
837 1101 909 1157 ad
927 1098 1258 1159 Pausaniam
1281 1097 1474 1174 mittit,
1498 1096 1563 1154 in
1585 1102 1698 1177 qui

227 1215 356 1252 cum
386 1185 702 1268 collaudat,
727 1214 794 1252 ac
815 1197 960 1271 petit
988 1215 1057 1252 ne
1081 1193 1171 1250 cui
1194 1192 1275 1250 rei
1297 1203 1494 1270 parcat
1527 1193 1605 1250 ad
1633 1212 1697 1252 ea

141 1312 144 1314 ’
226 1287 575 1365 perficienda
604 1307 725 1365 quae
760 1290 1085 1364 pollicetur.
1128 1286 1185 1343 Si
1219 1285 1445 1361 fecerit,
1476 1286 1696 1345 nullius

228 1383 306 1438 rei
330 1383 360 1438 a
379 1400 437 1438 se
459 1372 745 1456 repulsam
761 1383 1026 1438 laturum.
1045 1381 1224 1455 Hujus
1254 1379 1563 1438 Pausanias
1585 1401 1695 1440 vo·

229 1478 440 1532 luntate
461 1477 688 1550 cognita
701 1516 718 1547 ,
740 1476 984 1533 alacrior
1005 1476 1078 1532 ad
1098 1495 1216 1532 rem
1235 1475 1545 1552 gerendam
1570 1475 1695 1533 fac·

229 1584 342 1645 tus,
376 1570 431 1626 in
457 1569 838 1647 suspicionem
868 1570 1079 1628 cecidit
1110 1569 1694 1628 Lacedaemoniorum.
1762 1575 1764 1690 ⁴

228 1666 291 1721 In
315 1685 428 1742 quo
466 1666 614 1721 facto
637 1666 868 1723 domum
905 1677 1230 1740 revocatuS,
1264 1675 1569 1723 accusatus
1595 1686 1693 1722 ca·
1763 1703 1764 1738 1

229 1758 392 1836 pitis,
435 1759 744 1818 absolvitur
765 1784 781 1834 3
840 1763 1107 1820 multatur
1162 1774 1350 1820 tamen
1398 1762 1653 1835 pecunia
1678 1781 1692 1816 ε

230 1873 396 1930 quam
414 1853 494 1911 ob
523 1861 751 1936 causam
787 1852 860 1910 ad
885 1855 1125 1911 classem
1146 1853 1413 1911 remissus
1442 1871 1561 1910 non
1585 1853 1690 1911 est.

271 1999 396 2051 011».
420 2000 514 2049 111.
539 1999 806 2051 Pausaniae
824 2004 1070 2071 pereqrim'
1088 2018 1241 2051 mores
1262 2011 1310 2051 et
1323 2001 1495 2051 carcer
1512 2019 1528 2051 .·
1541 2000 1652 2053 He-

768 2096 887 2144 [στος
906 2095 1161 2145 sollicitat.

229 2202 336 2283 A‘r
358 2221 452 2280 ille
468 2264 484 2297 ,
503 2223 636 2300 post
657 2243 772 2281 non
793 2226 997 2301 multo,
1023 2233 1123 2283 sua
1145 2238 1345 2302 sponte
1368 2225 1441 2281 ad
1463 2228 1684 2294 exerci-

149 2340 152 2342 Α
228 2330 344 2374 tum
365 2318 563 2392 rediit,
596 2330 650 2374 et
672 2319 749 2376 ibi
780 2323 893 2376 non
918 2320 1130 2378 callida
1149 2361 1166 2393 ‚
1200 2320 1299 2376 sed
1321 2319 1574 2377 dementi
1597 2340 1683 2377 ra-

227 2414 380 2468 tione
403 2452 420 2485 ,
483 2414 727 2489 cogitata
772 2412 1071 2491 patefecit.
1124 2414 1276 2472 Non=
1303 2416 1453 2477 enim
1501 2433 1684 2476 mores

226 2507 441 2580 patrios
461 2507 674 2581 solum,
707 2508 806 2565 sed
825 2506 1000 2565 etiam
1022 2509 1236 2566 cultum
1276 2510 1681 2585 vestitumque,
1757 2514 1765 2570 j

225 2600 480 2654 mutavit.
522 2599 997 2678 Apparaturegio
1029 2602 1288 2658 utebatur
1309 2641 1326 2675 ,
1362 2612 1519 2657 veste
1557 2602 1681 2659 Me-

225 2691 357 2751 dica
383 2715 396 2750 ε
431 2696 698 2753 satellites
716 2695 876 2753 Medi
900 2706 955 2752 et
984 2695 1225 2783 AEgyptii
1266 2693 1687 2774 sequebantur-2

1280 2829 1294 2856 t
