1787 3104
204 84 319 153 ¹14
591 91 927 139 <fonnem
965 96 1264 137 ntro-ns·

194 188 252 233 ut
275 177 486 251 templa
516 176 765 233 Deorum
807 186 1002 232 sancta
1044 164 1301 247 heberet,
1345 169 1444 228 sed
1485 170 1684 224 etiam-

191 270 345 348 apud
368 269 639 327 barbaros
671 275 885 326 summa
909 269 1183 344 religione
1211 264 1401 325 omnia
1425 263 1662 321 simula·-

193 384 289 421 cra
313 383 549 443 arasque
568 365 946 421 conservavit.
972 364 1166 439 Itaque
1187 357 1537 438 praedicabat
1558 360 1665 413 mi-

190 458 303 516 rari
344 478 403 515 se
445 478 560 516 nou
600 457 1008 533 sacrilegorum
1047 475 1281 513 numero
1326 449 1528 511 haberi
1571 448 1668 528 qui·

192 550 549 631 supplicibus
571 571 769 618 eorum
791 550 1150 623 nocuissent,
1176 560 1270 605 aut
1290 567 1407 606 non
1433 547 1664 623 gravio·
1721 584 1722 589 =

192 647 348 704 ribus
360 648 542 723 poenis
552 644 804 723 afficiqui
817 643 1154 727 religionem
1165 644 1485 701 minuerent
1496 642 1668 726 q'uiun

193 740 286 818 qui
308 740 437 798 fana
460 740 790 816 spoliarent.
1677 750 1690 777 ἱ

235 889 361 939 CM».
385 889 454 941 V.
468 884 730 957 Aqesilaae'is
742 925 760 948 ,
781 890 909 939 bello
930 892 1065 939 circa
1086 888 1375 941 Corinthum
1405 887 1635 947 collato,
1725 842 1726 871 ¹

680 983 776 1034 hdc
800 986 920 1033 urbe
942 985 1174 1034 abstinet.

192 1103 289 1172 Po
304 1132 373 1170 εἰ·
400 1113 512 1172 hoc
541 1114 824 1191 praelium,
858 1115 1132 1173 collatum
1152 1125 1242 1193 83ιί
1258 1131 1430 1170 omne
1449 1111 1672 1174 bellum
1727 1116 1728 1119 ’

193 1211 351 1285 circa
373 1207 705 1267 Corinthum
738 1232 752 1268 z
796 1208 1041 1285 ideoque
1074 1206 1429 1265 Corinthium
1450 1219 1550 1265 est
1574 1224 1670 1287 ap-

193 1306 488 1380 pellatum.
533 1300 641 1360 Hic
681 1322 856 1380 quum
899 1305 1008 1360 unii
1031 1306 1222 1383 pugna
1259 1302 1467 1360 decem
1491 1303 1673 1359 millia
1729 1348 1730 1353 ,

192 1393 919 1473 hostium,Ages11aoduce,
930 1396 1273 1454 cecidissent
1281 1416 1524 1472 ,eoque
1507 1395 1674 1455 sacto

193 1509 334 1569 opes
353 1489 805 1547 adversariorum
826 1489 1132 1547 debilitatae
1150 1491 1514 1566 viderentur,
1548 1504 1669 1548 tan-

193 1586 313 1641 tum
325 1584 504 1643 abfuit
521 1584 593 1643 ab
606 1584 908 1643 insolentia
921 1587 1140 1664 gloriae,
1162 1597 1221 1643 ut
1235 1583 1671 1644 commiseratus

194 1682 266 1737 sit
287 1679 567 1738 fortunam
596 1681 855 1756 Graeciae,
879 1680 1036 1757 quod
1059 1681 1174 1738 tam
1196 1681 1404 1738 multi
1384 1702 1415 1738 a
1437 1700 1503 1738 se
1535 1680 1671 1739 victi

191 1775 333 1833 vitio
353 1774 805 1833 adversariorum
828 1774 1255 1834 concidissent:
1288 1794 1542 1854 namque
1577 1776 1667 1832 illa

192 1868 580 1943 multitudiue,
606 1889 653 1926 si
666 1889 802 1927 sana
816 1888 974 1926 mens
992 1881 1165 1945 esset,
1188 1870 1420 1936 Graeciae
1443 1870 1668 1947 suppli-

196 1966 348 2019 cium
378 1963 576 2026 Persas
594 1963 730 2024 dare
752 1964 1027 2042 potuisse.
1074 1964 1232 2021 Idem
1264 1983 1438 2041 quum
1463 1966 1667 2035 adven-

195 2059 376 2115 sarios
387 2057 531 2142 intra
545 2060 747 2117 moenia
763 2060 1164 2137 compulisset,
1188 2071 1245 2115 et
1258 2068 1318 2114 ut
1330 2057 1669 2114 Corinthum

193 2167 552 2229 oppugnaret
572 2154 732 2210 multi
762 2147 1147 2229 hortarentur,
1191 2151 1417 2229 negavit
1460 2151 1524 2208 id
1561 2170 1670 2210 suae

192 2266 247 2302 vi
235 2246 384 2302 rtuti
410 2247 757 2305 convenire:
794 2271 826 2302 «
847 2249 919 2305 Se
950 2251 1100 2306 enim
1134 2266 1262 2305 eum
1294 2266 1445 2320 esse,
1489 2245 1665 2318 dixit,

192 2343 290 2417 qui
314 2341 391 2397 ad
416 2340 666 2398 officium
702 2355 1013 2420 peccantes
1038 2342 1227 2399 redire
1248 2351 1513 2419 cogeret,
1554 2358 1669 2397 non

193 2438 291 2512 qui
311 2419 479 2493 urbes
490 2434 872 2494 nobilissimas
886 2448 1237 2514 expugnaret
1248 2436 1501 2494 Graeciae.
1522 2433 1666 2491 Nani

196 2530 242 2583 si
254 2531 487 2606 ,inquit,
502 2528 861 2607 exstinguere
871 2529 1345 2609 voluerimuS,qui
1360 2528 1667 2588 nobiscum

195 2622 467 2686 advssrsus
487 2622 758 2683 barbaros
773 2634 1070 2701 steterunt,
1091 2624 1421 2703 nosmetipsi
1442 2627 1666 2683 noser-
