1787 3104
168 94 283 161 124
559 105 895 155 connutn
933 105 1223 145 Nerei-1³

140 186 347 242 -multis
368 181 483 240 suis
504 170 750 257 amissis,
766 203 824 239 se
844 182 1159 259 expedivit,
1174 195 1229 238 et
1249 181 1307 238 in
1326 152 1641 247 castellum

154 277 438 355 Phrygiae,
483 279 639 354 quod
671 278 1187 361 Norafappellatur,
1228 275 1534 352 confugit:

156 391 269 448 quo
290 391 463 448 quum
487 370 1023 445 circumsederetur,
1046 382 1102 427 et
1122 382 1408 428 vereretur
1421 390 1487 426 nc
1506 389 1641 427 uno

154 467 289 523 loco
327 485 560 543 manens
599 484 776 543 equos
819 450 1089 522 milita-res
1128 465 1421 541 perderet,
1468 463 1641 568 qli-od

156 562 401 636 spatium
422 578 542 616 non
570 573 717 616 esset
747 559 1032 636 agitandi;
1064 544 1336 616 callidum
1366 558 1470 614 fuit
1504 557 1639 631 ejus

154 652 473 725 inventum,
504 651 982 728 quemadmodum
1011 665 1161 710 stans
1185 651 1496 724 jumentum
1528 673 1639 708 ca-

134 749 330 821 ,lefieri
351 747 715 822 exercerique
739 754 965 852 posset,
989 748 1104 824 quo
1127 745 1393 804 libentius
1412 758 1465 803 et
1493 734 1639 803 cibo

155 852 433 913 uteretur,
457 852 514 897 'et
544 863 573 896 a
602 840 861 916 eorporis
888 855 1045 899 motu
1075 861 1187 897 non
1215 855 1633 898 removeretur

114 998 117 1001 ,
154 932 583 1010 Substringebat
610 947 783 1011 caput
810 939 939 992 loro
972 937 1139 992 altius
1172 935 1339 1011 quam
1370 945 1430 990 nt
1463 937 1638 1011 prio-

153 1029 308 1085 ribus
347 1026 590 1106 pedibus
628 1030 797 1104 plane
835 1040 1043 1086 terram
1079 1039 1273 1104 posset
1312 1026 1638 1107 attingere,

153 1123 363 1180 deinde
404 1123 536 1200 post
571 1112 902 1185 velberibus
951 1122 1192 1200 cogebat
1241 1125 1534 1180 exsultare
1580 1135 1641 1179 et

154 1220 346 1275 calces
367 1220 678 1274 remittere:
706 1217 799 1294 qui
822 1229 1005 1274 motus
1027 1236 1139 1274 uon
1159 1216 1572 1303 minussudore
1557 1238 1637 1273 m
1696 1290 1704 1297 ·

154 1311 478 1367 excutiebat
515 1313 683 1387 quam
721 1314 778 1367 si·
808 1313 863 1366 in
897 1310 1079 1386 spatio
1111 1310 1457 1367 decurreret.
1496 1310 1638 1383 Quo

153 1405 363 1459 factum
393 1416 504 1476 est,
530 1405 685 1479 quod
716 1405 976 1461 omnihus
1009 1403 1263 1460 mirabile
1294 1415 1380 1460 est
1408 1406 1597 1461 visum
1615 1449 1636 1480 ,

153 1509 214 1554 ut
241 1498 491 1570 jumenta
532 1498 686 1573 aeque
726 1497 904 1554 nitida
940 1517 1011 1554 ex
1043 1498 1279 1556 castello
1311 1497 1591 1557 educeret
1614 1541 1631 1572 ‚

153 1612 326 1668 quum
350 1595 672 1667 complures
695 1594 982 1649 mensesin
1003 1593 1301 1650 obsidione
1319 1589 1542 1668 fuisset,
1559 1613 1636 1651 ac

152 1688 198 1741 si
229 1686 285 1741 in
318 1684 726 1762 campestribus
752 1698 823 1743 'ea
850 1671 1000 1743 locis
1028 1685 1335 1744 habuisset.
1366 1689 1448 1743 Εἲι
1482 1708 1631 1747 con-

152 1781 409 1837 clusione
431 1823 446 1853 ‚
478 1771 926 1855 quotiescunque
955 1782 1136 1838 voluit
1155 1822 1171 1854 ,
1204 1793 1258 1837 et
1288 1778 1633 1859 apparatum

152 1887 206 1929 et
228 1876 566 1952 munitiones
587 1872 850 1951 Antigoni
875 1872 1016 1931 alias
1035 1874 1317 1948 incendit,
1339 1878 1479 1934 alias
1504 1878 1627 1933 dis-

150 1965 306 2037 iecit.
343 1969 548 2023 Tenuit
585 1979 771 2025 autem
807 1987 865 2024 se
903 1988 1017 2025 uno
1051 1972 1186 2025 loco
1222 1970 1475 2046 quandiu
1520 1972 1630 2029 fuit

152 2062 242 2119 hie
251 2083 356 2134 ms,
373 2062 526 2138 quod
542 2075 725 2119 castra
746 2062 848 2119 sub
865 2062 1002 2120 divo
1020 2062 1227 2119 habere
1243 2082 1360 2119 non
1373 2078 1626 2140 poterat.

116 2207 121 2210 Α
150 2155 265 2213 Ver
287 2154 780 2233 appropinquabat
805 2178 819 2212 ε
846 2148 1452 2234 εἰωὼξὲᾑᾱοᾶὶῑίῡηε,
1484 2160 1627 2218 dum

152 2250 224 2307 de
273 2250 696 2326 conditionibus
744 2263 949 2308 tractat
979 2290 1008 2326 ‚=
1034 2239 1315 2328 praefectis
1351 2250 1625 2330 Antigoni

153 2344 422 2432 imposuit
440 2388 457 2420 ,
478 2333 663 2423 ‘seque
692 2364 759 2404 ac
791 2353 926 2405 suos
953 2363 1151 2410 omnes
1184 2346 1424 2409 extraxit
1454 2350 1627 2408 inco-

150 2439 351 2498 lumes.
