1787 3104
36 84 49 163 i
276 128 281 137 '
626 131 1036 183 mnsums.
1199 128 1202 134 ’
1432 147 1544 208 117

87 272 210 323 Car.
231 272 380 323 Vm.
404 273 667 342 Aquilae’ts
679 313 697 337 ,
723 296 928 357 corpore
948 280 1176 348 desbrmis
1198 291 1546 353 apparatuque

167 379 307 418 utens
336 373 540 438 vulgari
557 395 575 432 ;
599 370 925 423 contemnitur
952 374 984 422 ὰ
1015 375 1241 424 barbaris
1263 393 1281 441 ,·
1316 376 1367 425 in
1398 384 1543 444 portu

158 461 381 513 Menelai
402 465 621 513 moritur.

32 662 33 665 Ἴ
76 583 224 665 Am
240 612 316 650 σε
359 594 452 661 hic
482 605 672 652 tantus
701 593 817 668 vir,
860 606 920 651 ut
953 606 1206 654 naturam
1250 590 1545 662 fautricem

73 688 353 745 habuerat
372 689 428 745 in
446 688 759 747 tribuendis
777 689 950 747 animi
966 689 1291 766 virtutibuS,
1315 694 1396 749 sic
1421 711 1543 751 ma-

72 782 302 840 leficam
326 795 526 840 nactus
543 784 696 840 estin
721 802 993 860 corpore;
1019 787 1280 862 exiguuS‚
1306 796 1360 842 et
1380 787 1548 843 clau·-

70 879 179 936 dus
203 879 385 933 altero
403 878 570 953 pede.
594 877 731 950 Quae
751 898 840 935 res
859 881 1027 935 etiam
1050 881 1380 937 nonnullam
1402 878 1541 936 affe-

68 972 234 1029 rebat
253 970 666 1028 deformitatem
703 994 715 1027 :
759 984 926 1047 atque
950 972 1159 1049 ignoti,
1186 972 1387 1043 faciem
1417 970 1576 1053 ejusg„

67 1086 249 1143 quum
284 1058 634 1123 intuerentur
656 1107 672 1139 ,
706 1065 1182 1135 contemnebant;
1220 1067 1315 1142 qui
1351 1084 1537 1129 autem

65 1162 335 1218 virtutem
354 1172 629 1228 noverant
651 1178 764 1216 non
801 1170 1064 1235 poterant
1092 1158 1355 1216 admirari
1380 1161 1534 1218 satis.

63 1236 244 1328 Q'uod
267 1253 318 1311 ei
346 1274 449 1311 usu
468 1255 646 1326 venit,
667 1270 867 1330 quum,
913 1270 1188 1309 annorum
1211 1254 1500 1327 octoginta
1516 1296 1533 1328 ‚

65 1348 328 1423 subsidio
350 1348 547 1406 Thaco
570 1350 630 1405 in
650 1348 948 1423 AEgyptum
980 1346 1196 1423 ivisset,
1231 1357 1287 1403 et
1328 1348 1384 1403 in
1409 1334 1540 1405 actii>

62 1464 200 1501 cum
220 1442 338 1498 suis
374 1441 734 1499 accubuisset
771 1443 891 1499 sine
926 1442 1046 1498 ullo
1067 1453 1246 1514 tecte,
1274 1455 1534 1500 stratum-

60 1560 172 1615 que
189 1531 426 1592 haberet
446 1537 585 1609 tale,
609 1548 670 1593 ut
693 1547 841 1594 terra
862 1546 1013 1594 tecta
1037 1549 1182 1594 esset
1196 1539 1534 1613 stramentiS,

56 1650 253 1709 neque
268 1628 380 1685 huc
401 1631 641 1706 amplius
654 1630 822 1706 quam
833 1628 1002 1707 pellis
1016 1642 1159 1692 esset
1180 1629 1413 1705 injecta,
1435 1651 1531 1689 eo·-

56 1728 314 1801 demque
335 1725 469 1781 loco
494 1724 729 1782 comites
741 1742 937 1783 omnes
957 1724 1382 1797 accubuissent,
1404 1745 1532 1784 ves-

54 1823 166 1878 titu
185 1817 384 1875 humili
399 1831 566 1895 atque
580 1818 838 1877 obsoleto
850 1860 866 1892 ,
890 1832 953 1876 ut
965 1838 1160 1877 eorum
1173 1830 1405 1876 ornatus
1419 1837 1533 1875 non

55 1913 241 1974 modo
280 1913 338 1969 in
377 1912 465 1984 his
492 1930 680 1987 regem
705 1914 984 1969 neminem
1005 1912 1349 1991 significaret
1372 1955 1389 1988 ,
1433 1913 1532 1971 sed

55 2005 313 2094 hominis
347 2025 459 2062 non
481 2005 790 2063 beatissimi
818 2006 1201 2083 suspicionem
1235 2008 1528 2082 praeberet.

52 2098 247 2178 Huius
285 2099 358 2156 de
400 2100 645 2159 adventu
683 2100 828 2157 fama
867 2120 1040 2177 quum
1062 2102 1134 2158 ad
1165 2104 1352 2178 regios
1385 2113 1532 2159 esset

51 2196 313 2274 perlata,
359 2193 618 2252 celeriter
656 2214 887 2251 munera
911 2195 980 2251 οὸ
1003 2195 1277 2272 cujusque
1308 2195 1530 2273 generis

55 2304 190 2348 sunt
214 2289 406 2345 allata.
447 2288 549 2345 His
571 2288 945 2366 quaerentibus
969 2290 1315 2365 Agesilaum,
1338 2293 1435 2347 vix
1455 2288 1527 2343 fi-

52 2386 159 2443 des
185 2365 336 2442 i'acta
367 2398 452 2441 est
480 2402 651 2439 unum
674 2404 796 2440 esse
819 2403 887 2439 ex
910 2383 996 2440 his
1019 2384 1111 2459 qui
1136 2386 1253 2439 tiun
1278 2382 1527 2440 accuba-

48 2479 214 2535 bant.
255 2477 366 2550 Qui
389 2497 560 2558 quum
584 2480 733 2576 regis
754 2477 942 2534 verbis
964 2497 1084 2555 quae
1103 2480 1402 2536 attulerant
1424 2477 1527 2534 de-

52 2574 304 2644 dissent,
320 2570 441 2645 itte,
456 2582 656 2650 praeter
668 2572 902 2628 vitulina
917 2582 971 2628 et
986 2568 1307 2643 hujusmodi
1323 2590 1528 2649 genera

51 2663 283 2724 obsonii
309 2685 430 2742 quae
452 2685 695 2744 praesens
726 2679 947 2744 tempus
969 2665 1353 2739 desiderabat,
1381 2665 1526 2722 nihil

997 2835 1026 2849 α.
