1787 3104
456 131 793 172 colun-:Lu
834 131 1119 170 Nssl’orls
1173 112 1650 190 VITA.V11

146 203 526 273 Lactantius
566 201 755 269 tradit
793 201 903 268 lib.
953 227 977 269 1
1001 226 1194 294 ‚cap.
1244 202 1340 269 13.
1377 201 1654 296 Reliquit

154 306 463 396 praetere&
483 301 674 369 libros
697 300 1028 369 illustrium
1049 300 1326 370 virorum
1340 352 1360 389 ,
1384 325 1650 396 quorum

70 402 75 465 ζ
153 400 409 468 Gellius
440 400 725 467 meminit
757 388 865 466 lib.
907 423 971 466 11
993 423 1171 491 ,.cap
1204 398 1276 487 8,
1305 413 1368 467 et
1403 400 1653 469 Servius

154 500 236 566 in
274 523 298 566 1
338 498 483 566 ΕΠ.
507 498 742 565 Eorum
763 496 872 565 lib.
905 522 966 588 1,
999 499 1074 565 15
1096 511 1159 564 et
1191 499 1293 582 16,
1314 503 1467 567 citat
1488 497 1652 567 Cha-

160 597 367 664 risius.
399 593 493 663 Ex
522 594 620 663 his
648 594 951 664 habemus
974 596 1197 684 viginti
1229 592 1389 664 duos
1420 611 1652 666 extera·

163 719 310 762 rum
365 694 646 783 gentium
702 696 1121 788 imperatores.
1185 693 1420 762 Ceteris
1481 693 1652 762 libris

158 796 359 887 egisse
395 791 487 859 de
513 791 841 881 Romanis,
880 791 1013 860 haec
1052 798 1184 885 ejus
1219 794 1407 861 verba
1446 807 1651 860 osten-

157 891 371 960 dunt
353 914 419 957 m
442 898 713 958 extrema
734 889 1101 958 Hannibalis
1123 894 1291 959 vita:
1326 922 1359 954 «
1381 890 1506 958 Sed
1533 915 1650 958 nos

161 1003 415 1080 tempus
450 1002 540 1057 est
571 986 759 1081 hujus
790 989 931 1055 libri
962 989 1146 1056 finem
1179 990 1405 1076 facere,
1435 1004 1495 1055 et
1523 985 1648 1056 Ro-

164 1109 493 1155 manorum
531 1086 836 1178 explicare
871 1088 1267 1180 imperatores
1283 1136 1303 1171 ‚
1337 1090 1464 1180 quo
1500 1088 1647 1155 faci-

162 1184 334 1270 Iius,
378 1183 614 1252 collatis
660 1198 1066 1279 utrorumque
1103 1185 1278 1251 factis
1304 1232 1323 1271 ,
1372 1185 1483 1277 qui
1527 1185 1645 1253 viri

160 1232 532 1378 praef’erendi
552 1283 699 1370 sint,
716 1283 909 1374 possit
925 1281 1201 1374 judicari.
1219 1310 1252 1343 >2
1272 1281 1497 1373 Operis
1515 1287 1646 1374 ejus

160 1385 440 1470 genuina
488 1380 809 1476 inscriptio
855 1395 1024 1471 patet
1069 1404 1145 1446 ex
1194 1380 1428 1448 ultimis
1478 1379 1646 1447 hisce

162 1479 548 1573 praefationis
571 1478 775 1546 verbis
806 1506 820 1543 z
855 1508 887 1541 «
895 1477 1123 1557 Quare
1150 1476 1229 1544 ad
1256 1478 1646 1572 propositum

166 1579 523 1664 veniemus,
545 1590 606 1643 et
631 1577 695 1642 in
720 1574 839 1644 hoc
863 1600 1243 1669 exponemus
1267 1575 1426 1643 libro
1450 1576 1647 1644 Vrru

163 1696 651 1742 exonam-mu
671 1693 1136 1744 mansionum.
1153 1702 1186 1735 ι)
1215 1676 1434 1744 Praeter
1453 1677 1645 1767 impe-

126 1771 399 1841 ‘satores
413 1821 433 1859 ‚
453 1772 707 1840 seorsim
730 1778 1003 1846 exarasse
1028 1770 1258 1840 librum
1278 1770 1356 1837 de
1376 1773 1646 1860 regibus,

161 1884 529 1959 argumento
554 1868 686 1938 haec
710 1885 891 1937 erunt
912 1893 1052 1964 quae
1078 1869 1479 1938 Timoleontis
1505 1871 1645 1936 vitae

161 1967 414 2038 subdit:
444 1998 478 2033 α
496 1968 580 2033 Hi
602 1970 726 2036 fere
748 1968 1001 2034 fuerunt
1025 1967 1278 2036 Graeciae
1306 1970 1503 2057 gentis
1531 1970 1648 2046 du<

163 2091 268 2134 ces
309 2066 425 2159 qui
470 2067 762 2134 memoria
805 2064 979 2155 digni
1023 2065 1380 2154 videantur,
1424 2081 1646 2157 praeter

163 2188 355 2253 reges.
381 2163 656 2257 Namque
682 2188 786 2232 eos
806 2167 1105 2253 attingere
1131 2163 1449 2254 nolumus,
1472 2189 1554 2257 qu
1564 2162 1642 2230 bd

163 2263 452 2329 omnium
493 2286 590 2328 res
635 2277 815 2349 gestae
858 2263 1188 2356 separatim-
1232 2276 1377 2330 sunt
1415 2263 1641 2328 relatae.

165 2360 380 2453 Neque
425 2360 633 2428 tamen
680 2359 748 2424 hi
795 2360 1130 2427 admodum
1182 2373 1326 2427 sunt
1379 2358 1574 2426 multi.
1606 2386 1640 2419 n

167 2455 425 2526 Externi
453 2457 881 2550 imperatores,
909 2483 1064 2552 quos
1093 2458 1421 2541 habemus,
1456 2456 1641 2521 AEmi-

170 2555 241 2623 lii
262 2575 390 2623 esse
417 2556 601 2624 Probi
628 2563 664 2623 a
694 2556 901 2624 multis
928 2556 1282 2624 creduntur.
1315 2554 1443 2635 Qui
1473 2576 1640 2621 error

169 2653 317 2722 inde
334 2655 651 2750 provenit,
669 2654 839 2747 quod
858 2654 1105 2721 librario
1125 2654 1191 2720 id
1209 2654 1392 2720 fuerit
1410 2673 1639 2722 nomen
