1787 3104
543 140 1118 183 'rnmnsrtctnffi
1502 149 1570 203 19

92 207 314 293 monia,
339 214 609 301 conjecit.
641 219 782 276 Inde
808 236 926 276 non
946 221 1106 296 prius
1145 237 1404 296 egressus
1446 219 1534 279 est'
1551 265 1568 295 ‚

90 315 267 393 quam
293 334 397 371 rex
419 334 573 388 eum,
606 312 738 371 data
779 313 1010 389 dextra,
1044 313 1102 370 in
1139 308 1312 373 'fidem
1342 318 1567 394 recipe-

86 421 178 467 ret
191 451 209 483 ,
224 427 395 486 quam
408 406 681 486 praestitit.
704 407 848 465 Nam
860 429 1036 485 quum
1049 408 1120 467 ab
1130 408 1568 469 Atheniensibus

88 518 148 562 et
170 504 617 561 Laeedaemoniis
638 518 1045 581 exposceretur
1059 504 1318 580 publice,
1344 506 1565 582 suppli-

90 618 226 657 cem
268 618 380 656 non
422 597 678 675 prodidit
711 640 727 672 ,
785 601 1117 677 monuitque
1150 613 1210 656 ut
1243 602 1566 657 consuleret

90 694 205 752 sibi
233 715 246 749 ε
272 693 502 750 difficile
533 693 682 750 enim
725 713 844 751 esse
868 696 926 750 in
945 693 1060 750 tam
1081 697 1408 771 propinquo
1427 698 1564 752 loco

88 788 217 845 tuto
242 808 372 844 eum
401 791 636 844 versari.
679 790 876 866 Itaque
902 789 1154 863 Pydnam
1185 809 1313 846 eum
1352 789 1561 846 deduci

87 880 260 953 iussit
274 922 290 955 ,
316 893 371 940 et
387 882 542 959 quod
568 883 700 939 satis
719 894 865 940 esset
885 885 1132 959 praesidii
1156 884 1335 941 dedit.
1357 885 1478 940 Hac
1503 904 1562 941 re

93 962 321 1049 audita,
342 977 434 1034 hic
448 979 507 1033 in
520 994 720 1033 navem
733 977 996 1035 omnibus
1016 981 1248 1056 ignotus
1267 979 1523 1035 ascendit
1547 1000 1558 1034 :

95 1091 224 1148 quae
241 1090 414 1148 quum
432 1082 769 1149 tempestate
792 1072 1035 1129 maxima
1056 1072 1277 1148 Naxum
1299 1071 1560 1147 ferretur,

96 1165 194 1223 ubi
243 1170 365 1222 tum
397 1164 823 1223 Atheniensium
864 1178 984 1222 erat
1033 1168 1345 1239 exercituS,
1392 1167 1563 1224 sensit

94 1260 511 1317 Themistocles
531 1301 547 1333 ,
592 1260 730 1317 εἰ,οὸ
749 1258 1135 1338 pervenisset,
1168 1260 1273 1318 sibi
1315 1281 1435 1318 esse
1458 1281 1561 1336 pe-

91 1354 394 1411 reundum.
420 1355 540 1411 Hac
562 1357 898 1412 necessitate
930 1369 1190 1429 coactus,
1209 1356 1444 1412 domino
1459 1374 1560 1411 na-

92 1451 182 1506 vis
204 1452 332 1525 quis
352 1447 425 1505 sit
445 1449 650 1526 aperit,
676 1451 849 1505 multa
867 1452 1155 1525 pollicens
1174 1448 1219 1507 si
1243 1470 1302 1506 se
1326 1469 1558 1507 conser-

93 1543 304 1601 vasset.
323 1541 504 1601 Atille
525 1587 541 1619 ‚
567 1543 862 1603 clarissimi
885 1545 993 1601 viri
1014 1558 1213 1620 captus
1237 1530 1558 1601 misericor-

97 1638 220 1712 dis,
253 1639 405 1696 diem
427 1649 764 1716 noctemque
786 1641 994 1715 procul
1032 1640 1104 1695 ab
1145 1641 1328 1696 insula
1356 1639 1415 1694 in
1440 1642 1562 1696 salo

90 1752 301 1791 navem
319 1736 500 1792 tenuit
532 1732 587 1790 in
610 1736 862 1808 ancoris,
896 1753 1078 1808 neque
1121 1725 1457 1811 quemquam
1492 1752 1560 1789 ex

97 1832 163 1885 ea
194 1826 349 1885 exire
382 1846 593 1902 passus
621 1840 722 1885 est.
767 1829 909 1885 Inde
944 1828 1228 1906 Ephesum
1262 1828 1522 1904 pervenit
1543 1867 1559 1898 ‚

98 1919 291 2004 ibique
314 1923 753 1980 Themistoclem
775 1923 1011 1998 exponit
1038 1946 1051 1979 :
1083 1921 1184 1979 eui'
1195 1923 1290 1978 ille
1312 1939 1418 1998 pro
1442 1940 1560 1976 me-

100 2010 221 2073 ritis
252 2019 489 2094 gratiam
514 2015 718 2092 postea
737 2017 950 2073 retulit.

201 2146 326 2207 Car.
342 2158 451 2208 JK.
480 2119 814 2208 Themistoclis
833 2158 901 2207 ad
919 2154 1247 2208 Artaxerxem
1272 2157 1456 2207 litteren.

102 2280 290 2360 Scio·
320 2301 624 2374 plerosque
644 2296 720 2354 ita
751 2299 1076 2371 scripsisse,
1100 2294 1560 2368 Themistoclem,

96 2393 286 2450 Xerxe
298 2393 591 2469 regnante,
601 2394 657 2447 in
676 2390 866 2449 Asiam
885 2390 1193 2448 transiisse.
1210 2390 1321 2446 Sed
1334 2409 1441 2470 ego
1453 2408 1561 2464 pc-

97 2487 378 2544 tissimum
400 2485 722 2562 Thucydidi
747 2486 922 2543 credo
944 2527 960 2559 ,
1008 2484 1161 2562 quod
1190 2495 1347 2540 aetate
1365 2482 1563 2560 proxi-

98 2601 228 2639 mus
264 2593 385 2640 ‚erat
421 2582 510 2637 his
546 2584 643 2657 qui
677 2583 904 2639 illorum
932 2593 1250 2656 temporum
1272 2577 1565 2636 historiam

104 2676 483 2755 reliquerunt,
517 2686 570 2731 et
592 2671 845 2744 ejusdem
877 2674 1121 2754 civitatis
1154 2673 1275 2730 fuit.
1299 2674 1355 2730 Is
1377 2683 1565 2730 autem
