1787 3104
361 148 705 189 conatur
742 147 1036 189 retro-ris
1077 130 1559 203 v1rA.xj

1 221 238 316 haud
279 220 489 288 Plinii.
536 218 742 314 Atque
784 219 851 286 id
890 220 1204 288 veteribus
1241 216 1561 289 codicibus

1 351 10 418 ς
52 321 263 391 astrui
291 326 472 415 posse
501 326 822 387 asseverat.
853 319 1059 387 Etiam
1085 318 1228 385 Jani
1256 317 1391 387 haec
1422 317 1561 387 Par-

53 407 260 489 rhasii
290 418 598 487 sententia
626 417 763 485 fuit.
793 416 1009 486 Utrius
1037 417 1128 484 sit
1137 415 1443 505 dubitari,
1473 418 1561 484 ait

52 517 340 587 Vinetus
351 566 372 602 ‚
400 539 534 583 nec
575 520 648 581 ea
686 514 765 583 de
805 539 871 582 re
910 529 1178 584 statuere
1213 515 1560 610 quidquam

61 640 259 685 ausus
292 629 403 682 est.
438 610 570 681 Imo
604 610 825 708 ahqui,
859 629 970 681 aut
1003 613 1373 709 Suetonium
1393 636 1430 702 ,'
1452 629 1559 683 aut

60 714 361 782 Tacitum
382 736 519 780 esse
533 726 846 781 auctorem
866 716 1169 805 putarunt
1193 740 1206 779 ε
1230 727 1300 780 ut
1323 711 1558 789 indicat

53 810 418 904 Gyra‘ldus,
446 810 805 900 dialogismo
835 811 936 880 26.
968 811 1094 880 Sed
1123 812 1380 879 omnini>
1413 826 1556 879 sunt

56 910 243 979 Sexti
259 907 502 1004 Aurelii
523 909 791 978 Victoris
804 959 823 998 ,
852 922 926 976 ut
947 910 1094 977 satis
1122 931 1294 978 nunc
1315 923 1553 978 constat

59 1033 141 1074 ex
167 1007 446 1074 editione
466 1005 732 1074 Andreae
756 1005 1028 1075 Schotti..
1047 1005 1187 1079 Non
1216 1005 1438 1077 dubito
1461 1009 1554 1074 in-

62 1103 249 1173 terim
291 1105 446 1198 quin
482 1105 777 1200 pleraque
818 1129 896 1172 ex
927 1105 1163 1198 Nepote
1195 1104 1414 1173 Victor
1449 1104 1554 1172 de-

59 1204 420 1297 sumpserit.
446 1204 602 1272 Nam
621 1201 795 1297 quod
817 1201 1171 1271 Ludovicus
1193 1202 1416 1288 Vives,
1445 1203 1486 1270 l.
1517 1204 1554 1271 5

60 1301 138 1369 de
186 1300 510 1369 tradendis
554 1300 896 1394 disciplinis
921 1352 940 1389 ‚
991 1301 1293 1394 Nepotem
1342 1304 1429 1370 ait
1475 1301 1552 1368 de

60 1398 304 1466 Gratcis
325 1398 531 1467 solum
552 1397 816 1467 ducibus
837 1400 1145 1492 scripsisse
1158 1451 1179 1487 ,
1201 1399 1269 1465 id
1291 1400 1437 1466 satis
1458 1424 1550 1466 re-

62 1496 303 1564 fellitur
338 1496 542 1567 verbis
579 1494 833 1590 Nepotis
874 1502 1059 1564 antea
1099 1496 1397 1564 adductis.
1438 1497 1550 1566 Vir

65 1595 489 1682 doctissimus,
507 1595 603 1662 Jo.
627 1595 821 1664 Maria
842 1593 1197 1681 Catanaeus,
1220 1595 1549 1662 Commen-

64 1694 224 1764 tario
250 1694 318 1758 in
345 1691 527 1761 Plinii
549 1692 656 1760 lib.
681 1692 751 1776 4,
771 1694 949 1788 epist.
975 1692 1082 1779 28,
1101 1715 1243 1786 quae
1263 1691 1343 1759 ad
1366 1692 1547 1763 Seve-

63 1789 463 1882 rum‘seripta
485 1803 606 1877 est,
634 1791 823 1857 etiam
846 1789 1131 1857 Daretem
1158 1789 1488 1881 Phrygium
1515 1799 1547 1857 ὲ

65 1888 308 1981 Nepote
337 1887 699 1954 translatum
726 1887 1076 1955 arbitratur.
1107 1886 1341 1979 Nempe
1374 1887 1544 1956 dece—

65 1988 169 2079 pit·
179 2009 328 2053 eum
340 1984 609 2074 vulgaris
626 1988 874 2069 ἒιιῇκφέ.
890 1984 1177 2051 Attamen
1194 1999 1255 2051 et
1274 1986 1372 2053 hic
1389 2010 1547 2080 aqua
1619 1997 1622 2000 ’

68 2082 262 2150 haeret
279 2082 539 2166 Vineto,
556 2082 721 2148 notis
738 2082 803 2147 in
821 2080 1059 2149 Auson.
1082 2081 1255 2173 Idyll.
1277 2105 1337 2171 7.
1358 2083 1545 2172 Negat

66 2204 197 2256 esse
222 2181 336 2274 qui
357 2180 508 2247 certi
532 2179 766 2272 aliquid
787 2178 864 2245 de
887 2178 1288 2247 translatione
1308 2180 1423 2249 hac
1442 2203 1543 2247 au-

65 2278 147 2346 sit
170 2277 491 2374 affirmare.
518 2275 711 2370 Atqui
735 2299 979 2364 omnes,
1000 2277 1227 2370 quibus
1254 2276 1498 2344 ullum
1479 2302 1542 2343 m

68 2375 255 2443 hisee
258 2373 490 2442 litteris
521 2374 819 2467 judicium
853 2388 977 2461 est,
1008 2386 1152 2442 satis
1182 2374 1396 2443 vident
1433 2398 1547 2442 nec

67 2463 363 2539 Daretem
397 2472 573 2539 illum
610 2494 740 2540 esse
772 2476 1144 2560 genuinum,
1177 2495 1293 2539 nec
1329 2472 1544 2540 dictio-

69 2592 218 2638 nem
260 2576 391 2662 ejus
434 2570 825 2658 Augustaeam
868 2593 1079 2661 sapere
1122 2583 1395 2655 aetatem,
1439 2568 1544 2637 sed
1623 2639 1628 2642 ,

69 2668 474 2743 recentiorem
522 2668 735 2735 multo.
788 2667 1087 2761 Nepotem
1133 2682 1338 2733 autem
1360 2667 1544 2733 ‘Caes.
